[
  {
    "key": "Jack & beer500.08.0",
    "storesList": null,
    "name": "Jack & beer",
    "type": "Öl",
    "subtype": "Mörk öl",
    "volume": 500.0,
    "pricePerLitre": 39.9,
    "alcohol": 8.0,
    "price": 19.95,
    "alcoholPerPrice": 0.20050125
  },
  {
    "key": "Svaneke Mørk Guld, 50 cl.500.05.7",
    "storesList": null,
    "name": "Svaneke Mørk Guld, 50 cl.",
    "type": "Öl",
    "subtype": "Mörk öl",
    "volume": 500.0,
    "pricePerLitre": 45.9,
    "alcohol": 5.7,
    "price": 22.95,
    "alcoholPerPrice": 0.124183
  },
  {
    "key": "Svaneke Classic, 50 cl.500.04.6",
    "storesList": null,
    "name": "Svaneke Classic, 50 cl.",
    "type": "Öl",
    "subtype": "Mörk öl",
    "volume": 500.0,
    "pricePerLitre": 45.9,
    "alcohol": 4.6,
    "price": 22.95,
    "alcoholPerPrice": 0.10021786
  },
  {
    "key": "Svaneke Brown Ale, 50 cl.500.05.0",
    "storesList": null,
    "name": "Svaneke Brown Ale, 50 cl.",
    "type": "Öl",
    "subtype": "Mörk öl",
    "volume": 500.0,
    "pricePerLitre": 45.9,
    "alcohol": 5.0,
    "price": 22.95,
    "alcoholPerPrice": 0.10893246
  },
  {
    "key": "Hornbeer Carribean Rumstout 50 cl.500.010.0",
    "storesList": null,
    "name": "Hornbeer Carribean Rumstout 50 cl.",
    "type": "Öl",
    "subtype": "Mörk öl",
    "volume": 500.0,
    "pricePerLitre": 79.9,
    "alcohol": 10.0,
    "price": 39.95,
    "alcoholPerPrice": 0.12515645
  },
  {
    "key": "Limfjordsporter 6×33 cl.330.09.0",
    "storesList": null,
    "name": "Limfjordsporter 6×33 cl.",
    "type": "Öl",
    "subtype": "Mörk öl",
    "volume": 330.0,
    "pricePerLitre": 227.1212,
    "alcohol": 9.0,
    "price": 74.95,
    "alcoholPerPrice": 0.03962642
  },
  {
    "key": "Harboe Classic 24 stk7920.04.6",
    "storesList": null,
    "name": "Harboe Classic 24 stk",
    "type": "Öl",
    "subtype": "Mörk öl",
    "volume": 7920.0,
    "pricePerLitre": 13.882575,
    "alcohol": 4.6,
    "price": 109.95,
    "alcoholPerPrice": 0.33135062
  },
  {
    "key": "Royal Classic, 24 st.7920.04.6",
    "storesList": null,
    "name": "Royal Classic, 24 st.",
    "type": "Öl",
    "subtype": "Mörk öl",
    "volume": 7920.0,
    "pricePerLitre": 18.933079,
    "alcohol": 4.6,
    "price": 149.95,
    "alcoholPerPrice": 0.242961
  },
  {
    "key": "Urquell Pilsner570.04.4",
    "storesList": null,
    "name": "Urquell Pilsner",
    "type": "Öl",
    "subtype": "Ljus öl",
    "volume": 570.0,
    "pricePerLitre": 19.210526,
    "alcohol": 4.4,
    "price": 10.95,
    "alcoholPerPrice": 0.22904111
  },
  {
    "key": "The Tail Of A Whale330.04.8",
    "storesList": null,
    "name": "The Tail Of A Whale",
    "type": "Öl",
    "subtype": "Veteöl",
    "volume": 330.0,
    "pricePerLitre": 33.181816,
    "alcohol": 4.8,
    "price": 10.95,
    "alcoholPerPrice": 0.14465755
  },
  {
    "key": "A Ship Full Of IPA330.05.8",
    "storesList": null,
    "name": "A Ship Full Of IPA",
    "type": "Öl",
    "subtype": "Ljus öl",
    "volume": 330.0,
    "pricePerLitre": 33.181816,
    "alcohol": 5.8,
    "price": 10.95,
    "alcoholPerPrice": 0.17479454
  },
  {
    "key": "Clausthaler Premium Alkoholfrei 50 cl.500.00.45",
    "storesList": null,
    "name": "Clausthaler Premium Alkoholfrei 50 cl.",
    "type": "Öl",
    "subtype": "Ljus öl",
    "volume": 500.0,
    "pricePerLitre": 23.9,
    "alcohol": 0.45,
    "price": 11.95,
    "alcoholPerPrice": 0.018828452
  },
  {
    "key": "San Miguel Especial 50 cl.500.05.4",
    "storesList": null,
    "name": "San Miguel Especial 50 cl.",
    "type": "Öl",
    "subtype": "Ljus öl",
    "volume": 500.0,
    "pricePerLitre": 23.9,
    "alcohol": 5.4,
    "price": 11.95,
    "alcoholPerPrice": 0.22594143
  },
  {
    "key": "Lucky Buddha330.04.7",
    "storesList": null,
    "name": "Lucky Buddha",
    "type": "Öl",
    "subtype": "Ljus öl",
    "volume": 330.0,
    "pricePerLitre": 36.21212,
    "alcohol": 4.7,
    "price": 11.95,
    "alcoholPerPrice": 0.1297908
  },
  {
    "key": "Corona Extra330.04.5",
    "storesList": null,
    "name": "Corona Extra",
    "type": "Öl",
    "subtype": "Ljus öl",
    "volume": 330.0,
    "pricePerLitre": 39.242424,
    "alcohol": 4.5,
    "price": 12.95,
    "alcoholPerPrice": 0.11467182
  },
  {
    "key": "Paulaner burk, Hefeweizen, Bayern330.05.6",
    "storesList": null,
    "name": "Paulaner burk, Hefeweizen, Bayern",
    "type": "Öl",
    "subtype": "Veteöl",
    "volume": 330.0,
    "pricePerLitre": 39.242424,
    "alcohol": 5.6,
    "price": 12.95,
    "alcoholPerPrice": 0.1427027
  },
  {
    "key": "Flensburger Pilsner330.04.8",
    "storesList": null,
    "name": "Flensburger Pilsner",
    "type": "Öl",
    "subtype": "Pilsner",
    "volume": 330.0,
    "pricePerLitre": 30.272726,
    "alcohol": 4.8,
    "price": 9.99,
    "alcoholPerPrice": 0.15855858
  },
  {
    "key": "Svaneke Blonde, 50 cl.500.04.6",
    "storesList": null,
    "name": "Svaneke Blonde, 50 cl.",
    "type": "Öl",
    "subtype": "Veteöl",
    "volume": 500.0,
    "pricePerLitre": 45.9,
    "alcohol": 4.6,
    "price": 22.95,
    "alcoholPerPrice": 0.10021786
  },
  {
    "key": "Breezer Watermelon275.04.0",
    "storesList": null,
    "name": "Breezer Watermelon",
    "type": "Alkoläsk och Cider",
    "subtype": "",
    "volume": 275.0,
    "pricePerLitre": 43.454548,
    "alcohol": 4.0,
    "price": 11.95,
    "alcoholPerPrice": 0.0920502
  },
  {
    "key": "Breezer Orange275.04.0",
    "storesList": null,
    "name": "Breezer Orange",
    "type": "Alkoläsk och Cider",
    "subtype": "",
    "volume": 275.0,
    "pricePerLitre": 43.454548,
    "alcohol": 4.0,
    "price": 11.95,
    "alcoholPerPrice": 0.0920502
  },
  {
    "key": "Breezer Strawberry275.04.0",
    "storesList": null,
    "name": "Breezer Strawberry",
    "type": "Alkoläsk och Cider",
    "subtype": "",
    "volume": 275.0,
    "pricePerLitre": 43.454548,
    "alcohol": 4.0,
    "price": 11.95,
    "alcoholPerPrice": 0.0920502
  },
  {
    "key": "Breezer Mango275.04.0",
    "storesList": null,
    "name": "Breezer Mango",
    "type": "Alkoläsk och Cider",
    "subtype": "",
    "volume": 275.0,
    "pricePerLitre": 43.454548,
    "alcohol": 4.0,
    "price": 11.95,
    "alcoholPerPrice": 0.0920502
  },
  {
    "key": "Breezer Pineapple275.04.0",
    "storesList": null,
    "name": "Breezer Pineapple",
    "type": "Alkoläsk och Cider",
    "subtype": "",
    "volume": 275.0,
    "pricePerLitre": 43.454548,
    "alcohol": 4.0,
    "price": 11.95,
    "alcoholPerPrice": 0.0920502
  },
  {
    "key": "Breezer Lime275.04.0",
    "storesList": null,
    "name": "Breezer Lime",
    "type": "Alkoläsk och Cider",
    "subtype": "",
    "volume": 275.0,
    "pricePerLitre": 43.454548,
    "alcohol": 4.0,
    "price": 11.95,
    "alcoholPerPrice": 0.0920502
  },
  {
    "key": "Smirnoff Ice 27,5cl275.04.0",
    "storesList": null,
    "name": "Smirnoff Ice 27,5cl",
    "type": "Alkoläsk och Cider",
    "subtype": "",
    "volume": 275.0,
    "pricePerLitre": 47.090908,
    "alcohol": 4.0,
    "price": 12.95,
    "alcoholPerPrice": 0.08494209
  },
  {
    "key": "Somersby Pear 24 burkar7920.04.5",
    "storesList": null,
    "name": "Somersby Pear 24 burkar",
    "type": "Alkoläsk och Cider",
    "subtype": "",
    "volume": 7920.0,
    "pricePerLitre": 23.983583,
    "alcohol": 4.5,
    "price": 189.95,
    "alcoholPerPrice": 0.18762834
  },
  {
    "key": "Somersby Blackberry 24 burkar7920.04.5",
    "storesList": null,
    "name": "Somersby Blackberry 24 burkar",
    "type": "Alkoläsk och Cider",
    "subtype": "",
    "volume": 7920.0,
    "pricePerLitre": 23.983583,
    "alcohol": 4.5,
    "price": 189.95,
    "alcoholPerPrice": 0.18762834
  },
  {
    "key": "Somersby Apple 24 Burkar7920.04.5",
    "storesList": null,
    "name": "Somersby Apple 24 Burkar",
    "type": "Alkoläsk och Cider",
    "subtype": "",
    "volume": 7920.0,
    "pricePerLitre": 23.983583,
    "alcohol": 4.5,
    "price": 189.95,
    "alcoholPerPrice": 0.18762834
  },
  {
    "key": "Henkell Trocken 200 ml.200.011.5",
    "storesList": null,
    "name": "Henkell Trocken 200 ml.",
    "type": "Mousserande vin",
    "subtype": "Mousserande",
    "volume": 200.0,
    "pricePerLitre": 99.75,
    "alcohol": 11.5,
    "price": 19.95,
    "alcoholPerPrice": 0.11528822
  },
  {
    "key": "Pol Clement, 20 cl200.010.5",
    "storesList": null,
    "name": "Pol Clement, 20 cl",
    "type": "Mousserande vin",
    "subtype": "Mousserande",
    "volume": 200.0,
    "pricePerLitre": 114.75,
    "alcohol": 10.5,
    "price": 22.95,
    "alcoholPerPrice": 0.09150327
  },
  {
    "key": "Asti Gancia 20 cl.200.07.5",
    "storesList": null,
    "name": "Asti Gancia 20 cl.",
    "type": "Mousserande vin",
    "subtype": "Mousserande",
    "volume": 200.0,
    "pricePerLitre": 124.75,
    "alcohol": 7.5,
    "price": 24.95,
    "alcoholPerPrice": 0.06012024
  },
  {
    "key": "Martini Asti 20 cl200.07.5",
    "storesList": null,
    "name": "Martini Asti 20 cl",
    "type": "Mousserande vin",
    "subtype": "Mousserande",
    "volume": 200.0,
    "pricePerLitre": 124.75,
    "alcohol": 7.5,
    "price": 24.95,
    "alcoholPerPrice": 0.06012024
  },
  {
    "key": "Canti Prosecco Extra Dry 20 cl.200.011.0",
    "storesList": null,
    "name": "Canti Prosecco Extra Dry 20 cl.",
    "type": "Mousserande vin",
    "subtype": "Mousserande",
    "volume": 200.0,
    "pricePerLitre": 149.75,
    "alcohol": 11.0,
    "price": 29.95,
    "alcoholPerPrice": 0.07345576
  },
  {
    "key": "Exquisit Jordgubbe750.08.5",
    "storesList": null,
    "name": "Exquisit Jordgubbe",
    "type": "Mousserande vin",
    "subtype": "Mousserande",
    "volume": 750.0,
    "pricePerLitre": 53.26667,
    "alcohol": 8.5,
    "price": 39.95,
    "alcoholPerPrice": 0.15957446
  },
  {
    "key": "Verdi strawberry750.05.0",
    "storesList": null,
    "name": "Verdi strawberry",
    "type": "Mousserande vin",
    "subtype": "Mousserande",
    "volume": 750.0,
    "pricePerLitre": 53.26667,
    "alcohol": 5.0,
    "price": 39.95,
    "alcoholPerPrice": 0.093867324
  },
  {
    "key": "Verdi Rosa750.05.0",
    "storesList": null,
    "name": "Verdi Rosa",
    "type": "Mousserande vin",
    "subtype": "Mousserande",
    "volume": 750.0,
    "pricePerLitre": 53.26667,
    "alcohol": 5.0,
    "price": 39.95,
    "alcoholPerPrice": 0.093867324
  },
  {
    "key": "Verdi Spumante750.05.0",
    "storesList": null,
    "name": "Verdi Spumante",
    "type": "Mousserande vin",
    "subtype": "Mousserande",
    "volume": 750.0,
    "pricePerLitre": 53.26667,
    "alcohol": 5.0,
    "price": 39.95,
    "alcoholPerPrice": 0.093867324
  },
  {
    "key": "Verdi Raspberry Sparkletini750.05.0",
    "storesList": null,
    "name": "Verdi Raspberry Sparkletini",
    "type": "Mousserande vin",
    "subtype": "Mousserande",
    "volume": 750.0,
    "pricePerLitre": 53.26667,
    "alcohol": 5.0,
    "price": 39.95,
    "alcoholPerPrice": 0.093867324
  },
  {
    "key": "Butcher’s Cut Malbec750.013.0",
    "storesList": null,
    "name": "Butcher’s Cut Malbec",
    "type": "Rött vin",
    "subtype": "Rött",
    "volume": 750.0,
    "pricePerLitre": 79.933334,
    "alcohol": 13.0,
    "price": 59.95,
    "alcoholPerPrice": 0.16263552
  },
  {
    "key": "Malbec Mendoza Tinto Negro750.014.5",
    "storesList": null,
    "name": "Malbec Mendoza Tinto Negro",
    "type": "Rött vin",
    "subtype": "Rött",
    "volume": 750.0,
    "pricePerLitre": 126.6,
    "alcohol": 14.5,
    "price": 94.95,
    "alcoholPerPrice": 0.11453397
  },
  {
    "key": "Catalpa Pinot Noir Single Vineyard, Mendoza750.014.5",
    "storesList": null,
    "name": "Catalpa Pinot Noir Single Vineyard, Mendoza",
    "type": "Rött vin",
    "subtype": "Rött",
    "volume": 750.0,
    "pricePerLitre": 133.26666,
    "alcohol": 14.5,
    "price": 99.95,
    "alcoholPerPrice": 0.108804405
  },
  {
    "key": "Punto Final Reserva Malbec750.014.8",
    "storesList": null,
    "name": "Punto Final Reserva Malbec",
    "type": "Rött vin",
    "subtype": "Rött",
    "volume": 750.0,
    "pricePerLitre": 199.93333,
    "alcohol": 14.8,
    "price": 149.95,
    "alcoholPerPrice": 0.07402468
  },
  {
    "key": "Milamore Allegrini+Renacér750.015.0",
    "storesList": null,
    "name": "Milamore Allegrini+Renacér",
    "type": "Rött vin",
    "subtype": "Rött",
    "volume": 750.0,
    "pricePerLitre": 253.26666,
    "alcohol": 15.0,
    "price": 189.95,
    "alcoholPerPrice": 0.059226114
  },
  {
    "key": "Jacob’s Creek Shiraz/Cabernet, 18,7 cl187.013.5",
    "storesList": null,
    "name": "Jacob’s Creek Shiraz/Cabernet, 18,7 cl",
    "type": "Rött vin",
    "subtype": "Rött",
    "volume": 187.0,
    "pricePerLitre": 106.6845,
    "alcohol": 13.5,
    "price": 19.95,
    "alcoholPerPrice": 0.12654135
  },
  {
    "key": "Diamond Hill Shiraz/Merlot4500.013.5",
    "storesList": null,
    "name": "Diamond Hill Shiraz/Merlot",
    "type": "Rött vin",
    "subtype": "Rött",
    "volume": 4500.0,
    "pricePerLitre": 11.1,
    "alcohol": 13.5,
    "price": 49.95,
    "alcoholPerPrice": 1.2162162
  },
  {
    "key": "Jacob’s Creek Shiraz/Cabernet Sauvignon750.013.5",
    "storesList": null,
    "name": "Jacob’s Creek Shiraz/Cabernet Sauvignon",
    "type": "Rött vin",
    "subtype": "Rött",
    "volume": 750.0,
    "pricePerLitre": 71.933334,
    "alcohol": 13.5,
    "price": 53.95,
    "alcoholPerPrice": 0.18767376
  },
  {
    "key": "Busby’s Mate Big Chunky Red750.015.0",
    "storesList": null,
    "name": "Busby’s Mate Big Chunky Red",
    "type": "Rött vin",
    "subtype": "Rött",
    "volume": 750.0,
    "pricePerLitre": 86.6,
    "alcohol": 15.0,
    "price": 64.95,
    "alcoholPerPrice": 0.17321016
  },
  {
    "key": "D’Arenberg The Custodian750.014.4",
    "storesList": null,
    "name": "D’Arenberg The Custodian",
    "type": "Rött vin",
    "subtype": "Rött",
    "volume": 750.0,
    "pricePerLitre": 193.26666,
    "alcohol": 14.4,
    "price": 144.95,
    "alcoholPerPrice": 0.07450845
  },
  {
    "key": "d’Arenberg The Laughing magpie750.014.6",
    "storesList": null,
    "name": "d’Arenberg The Laughing magpie",
    "type": "Rött vin",
    "subtype": "Rött",
    "volume": 750.0,
    "pricePerLitre": 293.26666,
    "alcohol": 14.6,
    "price": 219.95,
    "alcoholPerPrice": 0.049784046
  },
  {
    "key": "Busby’s Mate Big Chunky Red/ Full Flavoured Chardonnay 6 fl.4500.015.0",
    "storesList": null,
    "name": "Busby’s Mate Big Chunky Red/ Full Flavoured Chardonnay 6 fl.",
    "type": "Rött vin",
    "subtype": "Rött",
    "volume": 4500.0,
    "pricePerLitre": 86.600006,
    "alcohol": 15.0,
    "price": 389.7,
    "alcoholPerPrice": 0.17321014
  },
  {
    "key": "Santa Alicia, Chardonnay Reserva750.013.5",
    "storesList": null,
    "name": "Santa Alicia, Chardonnay Reserva",
    "type": "Rött vin",
    "subtype": "Rött",
    "volume": 750.0,
    "pricePerLitre": 87.933334,
    "alcohol": 13.5,
    "price": 65.95,
    "alcoholPerPrice": 0.1535254
  },
  {
    "key": "Terrapura Cabernet sauvignon750.013.5",
    "storesList": null,
    "name": "Terrapura Cabernet sauvignon",
    "type": "Rött vin",
    "subtype": "Rött",
    "volume": 750.0,
    "pricePerLitre": 119.933334,
    "alcohol": 13.5,
    "price": 89.95,
    "alcoholPerPrice": 0.11256254
  },
  {
    "key": "EQ Matetic Syrah750.014.5",
    "storesList": null,
    "name": "EQ Matetic Syrah",
    "type": "Rött vin",
    "subtype": "Rött",
    "volume": 750.0,
    "pricePerLitre": 226.6,
    "alcohol": 14.5,
    "price": 169.95,
    "alcoholPerPrice": 0.06398941
  },
  {
    "key": "Sky of Chile rött, 5 Liter5000.012.5",
    "storesList": null,
    "name": "Sky of Chile rött, 5 Liter",
    "type": "Rött vin",
    "subtype": "Rött",
    "volume": 5000.0,
    "pricePerLitre": 38.99,
    "alcohol": 12.5,
    "price": 194.95,
    "alcoholPerPrice": 0.320595
  },
  {
    "key": "Sky of Chile vitt, 5 L BIB5000.012.0",
    "storesList": null,
    "name": "Sky of Chile vitt, 5 L BIB",
    "type": "Rött vin",
    "subtype": "Rött",
    "volume": 5000.0,
    "pricePerLitre": 38.99,
    "alcohol": 12.0,
    "price": 194.95,
    "alcoholPerPrice": 0.3077712
  },
  {
    "key": "Medinet Rouge 0,25cl2.512.0",
    "storesList": null,
    "name": "Medinet Rouge 0,25cl",
    "type": "Rött vin",
    "subtype": "Rött",
    "volume": 2.5,
    "pricePerLitre": 9980.0,
    "alcohol": 12.0,
    "price": 24.95,
    "alcoholPerPrice": 0.0012024048
  },
  {
    "key": "Parlemont Les Mariés Cabernet Sauvignon750.012.5",
    "storesList": null,
    "name": "Parlemont Les Mariés Cabernet Sauvignon",
    "type": "Rött vin",
    "subtype": "Rött",
    "volume": 750.0,
    "pricePerLitre": 79.933334,
    "alcohol": 12.5,
    "price": 59.95,
    "alcoholPerPrice": 0.15638031
  },
  {
    "key": "Combeval Grand Reserve, Cabernet Syrah750.013.0",
    "storesList": null,
    "name": "Combeval Grand Reserve, Cabernet Syrah",
    "type": "Rött vin",
    "subtype": "Rött",
    "volume": 750.0,
    "pricePerLitre": 93.26666,
    "alcohol": 13.0,
    "price": 69.95,
    "alcoholPerPrice": 0.13938528
  },
  {
    "key": "La Colombelle Rouge750.013.0",
    "storesList": null,
    "name": "La Colombelle Rouge",
    "type": "Rött vin",
    "subtype": "Rött",
    "volume": 750.0,
    "pricePerLitre": 99.933334,
    "alcohol": 13.0,
    "price": 74.95,
    "alcoholPerPrice": 0.13008672
  },
  {
    "key": "L’Arbre Blanc, Rouge750.013.0",
    "storesList": null,
    "name": "L’Arbre Blanc, Rouge",
    "type": "Rött vin",
    "subtype": "Rött",
    "volume": 750.0,
    "pricePerLitre": 119.933334,
    "alcohol": 13.0,
    "price": 89.95,
    "alcoholPerPrice": 0.10839355
  },
  {
    "key": "Domaine du Colombier Côtes du Rhône Rouge 2013750.013.5",
    "storesList": null,
    "name": "Domaine du Colombier Côtes du Rhône Rouge 2013",
    "type": "Rött vin",
    "subtype": "Rött",
    "volume": 750.0,
    "pricePerLitre": 119.933334,
    "alcohol": 13.5,
    "price": 89.95,
    "alcoholPerPrice": 0.11256254
  },
  {
    "key": "Vieille Mule Rouge750.015.0",
    "storesList": null,
    "name": "Vieille Mule Rouge",
    "type": "Rött vin",
    "subtype": "Rött",
    "volume": 750.0,
    "pricePerLitre": 119.933334,
    "alcohol": 15.0,
    "price": 89.95,
    "alcoholPerPrice": 0.12506948
  },
  {
    "key": "Ferrand Cotes du Rhone Mistral750.013.0",
    "storesList": null,
    "name": "Ferrand Cotes du Rhone Mistral",
    "type": "Rött vin",
    "subtype": "Rött",
    "volume": 750.0,
    "pricePerLitre": 126.6,
    "alcohol": 13.0,
    "price": 94.95,
    "alcoholPerPrice": 0.10268562
  },
  {
    "key": "Jacques Rouzé Chateaumeillant Grappes750.012.5",
    "storesList": null,
    "name": "Jacques Rouzé Chateaumeillant Grappes",
    "type": "Rött vin",
    "subtype": "Rött",
    "volume": 750.0,
    "pricePerLitre": 133.26666,
    "alcohol": 12.5,
    "price": 99.95,
    "alcoholPerPrice": 0.0937969
  },
  {
    "key": "Villa Cardini, ett glas rött, 19 cl.190.013.0",
    "storesList": null,
    "name": "Villa Cardini, ett glas rött, 19 cl.",
    "type": "Rött vin",
    "subtype": "Rött",
    "volume": 190.0,
    "pricePerLitre": 105.0,
    "alcohol": 13.0,
    "price": 19.95,
    "alcoholPerPrice": 0.123809524
  },
  {
    "key": "Giuseppe Rosso, Puglia750.013.5",
    "storesList": null,
    "name": "Giuseppe Rosso, Puglia",
    "type": "Rött vin",
    "subtype": "Rött",
    "volume": 750.0,
    "pricePerLitre": 58.600002,
    "alcohol": 13.5,
    "price": 43.95,
    "alcoholPerPrice": 0.23037542
  },
  {
    "key": "Verosso Salento Primitivo750.013.5",
    "storesList": null,
    "name": "Verosso Salento Primitivo",
    "type": "Rött vin",
    "subtype": "Rött",
    "volume": 750.0,
    "pricePerLitre": 66.600006,
    "alcohol": 13.5,
    "price": 49.95,
    "alcoholPerPrice": 0.20270269
  },
  {
    "key": "Pirosso Primitivo750.013.0",
    "storesList": null,
    "name": "Pirosso Primitivo",
    "type": "Rött vin",
    "subtype": "Rött",
    "volume": 750.0,
    "pricePerLitre": 66.600006,
    "alcohol": 13.0,
    "price": 49.95,
    "alcoholPerPrice": 0.19519518
  },
  {
    "key": "Casa Vinironia Appassimento Edizione Oro750.014.5",
    "storesList": null,
    "name": "Casa Vinironia Appassimento Edizione Oro",
    "type": "Rött vin",
    "subtype": "Rött",
    "volume": 750.0,
    "pricePerLitre": 73.26667,
    "alcohol": 14.5,
    "price": 54.95,
    "alcoholPerPrice": 0.19790718
  },
  {
    "key": "Pusarosso Zinfandel, Italien750.013.5",
    "storesList": null,
    "name": "Pusarosso Zinfandel, Italien",
    "type": "Rött vin",
    "subtype": "Rött",
    "volume": 750.0,
    "pricePerLitre": 79.933334,
    "alcohol": 13.5,
    "price": 59.95,
    "alcoholPerPrice": 0.16889074
  },
  {
    "key": "Realzin Zinfandel750.013.0",
    "storesList": null,
    "name": "Realzin Zinfandel",
    "type": "Rött vin",
    "subtype": "Rött",
    "volume": 750.0,
    "pricePerLitre": 79.933334,
    "alcohol": 13.0,
    "price": 59.95,
    "alcoholPerPrice": 0.16263552
  },
  {
    "key": "Il Lebbio Chianti DOCG750.013.5",
    "storesList": null,
    "name": "Il Lebbio Chianti DOCG",
    "type": "Rött vin",
    "subtype": "Rött",
    "volume": 750.0,
    "pricePerLitre": 80.0,
    "alcohol": 13.5,
    "price": 60.0,
    "alcoholPerPrice": 0.16875
  },
  {
    "key": "Torri Antiche Chianti750.013.5",
    "storesList": null,
    "name": "Torri Antiche Chianti",
    "type": "Rött vin",
    "subtype": "Rött",
    "volume": 750.0,
    "pricePerLitre": 93.26666,
    "alcohol": 13.5,
    "price": 69.95,
    "alcoholPerPrice": 0.14474626
  },
  {
    "key": "Whitecliff Winemaker’s Selection Pinot Noir750.013.5",
    "storesList": null,
    "name": "Whitecliff Winemaker’s Selection Pinot Noir",
    "type": "Rött vin",
    "subtype": "Rött",
    "volume": 750.0,
    "pricePerLitre": 133.26666,
    "alcohol": 13.5,
    "price": 99.95,
    "alcoholPerPrice": 0.10130066
  },
  {
    "key": "Lawson’s Dry Hill Reserve Pinot Noir750.013.5",
    "storesList": null,
    "name": "Lawson’s Dry Hill Reserve Pinot Noir",
    "type": "Rött vin",
    "subtype": "Rött",
    "volume": 750.0,
    "pricePerLitre": 193.26666,
    "alcohol": 13.5,
    "price": 144.95,
    "alcoholPerPrice": 0.069851674
  },
  {
    "key": "Michael Opitz, Blaufränkisch 2010750.013.5",
    "storesList": null,
    "name": "Michael Opitz, Blaufränkisch 2010",
    "type": "Rött vin",
    "subtype": "Rött",
    "volume": 750.0,
    "pricePerLitre": 146.6,
    "alcohol": 13.5,
    "price": 109.95,
    "alcoholPerPrice": 0.092087306
  },
  {
    "key": "Vidigal Reserva750.012.5",
    "storesList": null,
    "name": "Vidigal Reserva",
    "type": "Rött vin",
    "subtype": "Rött",
    "volume": 750.0,
    "pricePerLitre": 79.933334,
    "alcohol": 12.5,
    "price": 59.95,
    "alcoholPerPrice": 0.15638031
  },
  {
    "key": "My Pride Wine Duoro Red750.012.5",
    "storesList": null,
    "name": "My Pride Wine Duoro Red",
    "type": "Rött vin",
    "subtype": "Rött",
    "volume": 750.0,
    "pricePerLitre": 79.933334,
    "alcohol": 12.5,
    "price": 59.95,
    "alcoholPerPrice": 0.15638031
  },
  {
    "key": "Vallado Duoro750.013.5",
    "storesList": null,
    "name": "Vallado Duoro",
    "type": "Rött vin",
    "subtype": "Rött",
    "volume": 750.0,
    "pricePerLitre": 119.933334,
    "alcohol": 13.5,
    "price": 89.95,
    "alcoholPerPrice": 0.11256254
  },
  {
    "key": "Vidigal Reserva, 6 st4500.012.5",
    "storesList": null,
    "name": "Vidigal Reserva, 6 st",
    "type": "Rött vin",
    "subtype": "Rött",
    "volume": 4500.0,
    "pricePerLitre": 79.94444,
    "alcohol": 12.5,
    "price": 359.75,
    "alcoholPerPrice": 0.15635858
  },
  {
    "key": "Faustino VII750.013.5",
    "storesList": null,
    "name": "Faustino VII",
    "type": "Rött vin",
    "subtype": "Rött",
    "volume": 750.0,
    "pricePerLitre": 73.26667,
    "alcohol": 13.5,
    "price": 54.95,
    "alcoholPerPrice": 0.1842584
  },
  {
    "key": "Real Rubio Tinto Ecológico750.013.0",
    "storesList": null,
    "name": "Real Rubio Tinto Ecológico",
    "type": "Rött vin",
    "subtype": "Rött",
    "volume": 750.0,
    "pricePerLitre": 79.933334,
    "alcohol": 13.0,
    "price": 59.95,
    "alcoholPerPrice": 0.16263552
  },
  {
    "key": "Lacrima Baccus cava brut750.011.5",
    "storesList": null,
    "name": "Lacrima Baccus cava brut",
    "type": "Rött vin",
    "subtype": "Rött",
    "volume": 750.0,
    "pricePerLitre": 79.933334,
    "alcohol": 11.5,
    "price": 59.95,
    "alcoholPerPrice": 0.14386989
  },
  {
    "key": "Campillo, Rosado750.013.0",
    "storesList": null,
    "name": "Campillo, Rosado",
    "type": "Rött vin",
    "subtype": "Rött",
    "volume": 750.0,
    "pricePerLitre": 86.6,
    "alcohol": 13.0,
    "price": 64.95,
    "alcoholPerPrice": 0.15011548
  },
  {
    "key": "Jordan de Asso, Crianza750.013.5",
    "storesList": null,
    "name": "Jordan de Asso, Crianza",
    "type": "Rött vin",
    "subtype": "Rött",
    "volume": 750.0,
    "pricePerLitre": 93.26666,
    "alcohol": 13.5,
    "price": 69.95,
    "alcoholPerPrice": 0.14474626
  },
  {
    "key": "Portia Roble ,Ribera del Duero, Spanien750.013.5",
    "storesList": null,
    "name": "Portia Roble ,Ribera del Duero, Spanien",
    "type": "Rött vin",
    "subtype": "Rött",
    "volume": 750.0,
    "pricePerLitre": 93.26666,
    "alcohol": 13.5,
    "price": 69.95,
    "alcoholPerPrice": 0.14474626
  },
  {
    "key": "+Natura Cabernet Merlot Ecológic750.014.0",
    "storesList": null,
    "name": "+Natura Cabernet Merlot Ecológic",
    "type": "Rött vin",
    "subtype": "Rött",
    "volume": 750.0,
    "pricePerLitre": 99.933334,
    "alcohol": 14.0,
    "price": 74.95,
    "alcoholPerPrice": 0.1400934
  },
  {
    "key": "Vinos de Arganza Flavium Premium Mencia750.013.0",
    "storesList": null,
    "name": "Vinos de Arganza Flavium Premium Mencia",
    "type": "Rött vin",
    "subtype": "Rött",
    "volume": 750.0,
    "pricePerLitre": 106.6,
    "alcohol": 13.0,
    "price": 79.95,
    "alcoholPerPrice": 0.12195122
  },
  {
    "key": "Faustino V750.013.5",
    "storesList": null,
    "name": "Faustino V",
    "type": "Rött vin",
    "subtype": "Rött",
    "volume": 750.0,
    "pricePerLitre": 106.6,
    "alcohol": 13.5,
    "price": 79.95,
    "alcoholPerPrice": 0.12664165
  },
  {
    "key": "Burgo Viejo Crianza, Rioja750.013.5",
    "storesList": null,
    "name": "Burgo Viejo Crianza, Rioja",
    "type": "Rött vin",
    "subtype": "Rött",
    "volume": 750.0,
    "pricePerLitre": 106.6,
    "alcohol": 13.5,
    "price": 79.95,
    "alcoholPerPrice": 0.12664165
  },
  {
    "key": "Robertson Cabernet Sauvignon750.013.5",
    "storesList": null,
    "name": "Robertson Cabernet Sauvignon",
    "type": "Rött vin",
    "subtype": "Rött",
    "volume": 750.0,
    "pricePerLitre": 59.933334,
    "alcohol": 13.5,
    "price": 44.95,
    "alcoholPerPrice": 0.22525027
  },
  {
    "key": "Robertson Shiraz750.013.5",
    "storesList": null,
    "name": "Robertson Shiraz",
    "type": "Rött vin",
    "subtype": "Rött",
    "volume": 750.0,
    "pricePerLitre": 59.933334,
    "alcohol": 13.5,
    "price": 44.95,
    "alcoholPerPrice": 0.22525027
  },
  {
    "key": "Riddersberg Shiraz/Cabernet Sauvignon750.013.5",
    "storesList": null,
    "name": "Riddersberg Shiraz/Cabernet Sauvignon",
    "type": "Rött vin",
    "subtype": "Rött",
    "volume": 750.0,
    "pricePerLitre": 66.653336,
    "alcohol": 13.5,
    "price": 49.99,
    "alcoholPerPrice": 0.2025405
  },
  {
    "key": "Silverboom Special Reserve750.015.0",
    "storesList": null,
    "name": "Silverboom Special Reserve",
    "type": "Rött vin",
    "subtype": "Rött",
    "volume": 750.0,
    "pricePerLitre": 79.933334,
    "alcohol": 15.0,
    "price": 59.95,
    "alcoholPerPrice": 0.18765637
  },
  {
    "key": "Backsberg Pinotage750.013.5",
    "storesList": null,
    "name": "Backsberg Pinotage",
    "type": "Rött vin",
    "subtype": "Rött",
    "volume": 750.0,
    "pricePerLitre": 106.6,
    "alcohol": 13.5,
    "price": 79.95,
    "alcoholPerPrice": 0.12664165
  },
  {
    "key": "Riddersberg, Shiraz/Cabernet Sauvignon 6 st.4500.013.5",
    "storesList": null,
    "name": "Riddersberg, Shiraz/Cabernet Sauvignon 6 st.",
    "type": "Rött vin",
    "subtype": "Rött",
    "volume": 4500.0,
    "pricePerLitre": 66.655556,
    "alcohol": 13.5,
    "price": 299.95,
    "alcoholPerPrice": 0.20253375
  },
  {
    "key": "Weingut Petri Spätburgunder750.013.0",
    "storesList": null,
    "name": "Weingut Petri Spätburgunder",
    "type": "Rött vin",
    "subtype": "Rött",
    "volume": 750.0,
    "pricePerLitre": 93.26666,
    "alcohol": 13.0,
    "price": 69.95,
    "alcoholPerPrice": 0.13938528
  },
  {
    "key": "Petri Müller-Thurgau 1 Liter1000.013.0",
    "storesList": null,
    "name": "Petri Müller-Thurgau 1 Liter",
    "type": "Vitt vin",
    "subtype": "Vitt",
    "volume": 1000.0,
    "pricePerLitre": 69.95,
    "alcohol": 13.0,
    "price": 69.95,
    "alcoholPerPrice": 0.18584704
  },
  {
    "key": "Petri Pinot Madeleine Trocken750.012.5",
    "storesList": null,
    "name": "Petri Pinot Madeleine Trocken",
    "type": "Rött vin",
    "subtype": "Rött",
    "volume": 750.0,
    "pricePerLitre": 106.6,
    "alcohol": 12.5,
    "price": 79.95,
    "alcoholPerPrice": 0.11726079
  },
  {
    "key": "Western Cellars, Red Zinfandel750.013.0",
    "storesList": null,
    "name": "Western Cellars, Red Zinfandel",
    "type": "Rött vin",
    "subtype": "Rött",
    "volume": 750.0,
    "pricePerLitre": 79.933334,
    "alcohol": 13.0,
    "price": 59.95,
    "alcoholPerPrice": 0.16263552
  },
  {
    "key": "Bin 52 Zinfandel750.014.5",
    "storesList": null,
    "name": "Bin 52 Zinfandel",
    "type": "Rött vin",
    "subtype": "Rött",
    "volume": 750.0,
    "pricePerLitre": 79.933334,
    "alcohol": 14.5,
    "price": 59.95,
    "alcoholPerPrice": 0.18140116
  },
  {
    "key": "Wollridge Zinfandel Reserve750.014.0",
    "storesList": null,
    "name": "Wollridge Zinfandel Reserve",
    "type": "Rött vin",
    "subtype": "Rött",
    "volume": 750.0,
    "pricePerLitre": 119.933334,
    "alcohol": 14.0,
    "price": 89.95,
    "alcoholPerPrice": 0.11673152
  },
  {
    "key": "Stone Cellars Cabernet Sauvignon750.013.5",
    "storesList": null,
    "name": "Stone Cellars Cabernet Sauvignon",
    "type": "Rött vin",
    "subtype": "Rött",
    "volume": 750.0,
    "pricePerLitre": 126.6,
    "alcohol": 13.5,
    "price": 94.95,
    "alcoholPerPrice": 0.10663507
  },
  {
    "key": "Stone Cellars Pinot Noir750.013.0",
    "storesList": null,
    "name": "Stone Cellars Pinot Noir",
    "type": "Rött vin",
    "subtype": "Rött",
    "volume": 750.0,
    "pricePerLitre": 126.6,
    "alcohol": 13.0,
    "price": 94.95,
    "alcoholPerPrice": 0.10268562
  },
  {
    "key": "Calipaso Zinfandel750.015.0",
    "storesList": null,
    "name": "Calipaso Zinfandel",
    "type": "Rött vin",
    "subtype": "Rött",
    "volume": 750.0,
    "pricePerLitre": 146.6,
    "alcohol": 15.0,
    "price": 109.95,
    "alcoholPerPrice": 0.10231923
  },
  {
    "key": "Jacob’s Creek Shiraz Rosé, 18,7 cl187.012.5",
    "storesList": null,
    "name": "Jacob’s Creek Shiraz Rosé, 18,7 cl",
    "type": "Rosévin",
    "subtype": "Rosé",
    "volume": 187.0,
    "pricePerLitre": 106.6845,
    "alcohol": 12.5,
    "price": 19.95,
    "alcoholPerPrice": 0.11716791
  },
  {
    "key": "Villa Cardini, ett glas rosé 19 cl190.011.5",
    "storesList": null,
    "name": "Villa Cardini, ett glas rosé 19 cl",
    "type": "Rosévin",
    "subtype": "Rosé",
    "volume": 190.0,
    "pricePerLitre": 105.0,
    "alcohol": 11.5,
    "price": 19.95,
    "alcoholPerPrice": 0.10952381
  },
  {
    "key": "Medinet Rosé 0,25cl2.511.5",
    "storesList": null,
    "name": "Medinet Rosé 0,25cl",
    "type": "Rosévin",
    "subtype": "Rosé",
    "volume": 2.5,
    "pricePerLitre": 9980.0,
    "alcohol": 11.5,
    "price": 24.95,
    "alcoholPerPrice": 0.0011523046
  },
  {
    "key": "Primavera Rosé, 75 cl.750.011.5",
    "storesList": null,
    "name": "Primavera Rosé, 75 cl.",
    "type": "Rosévin",
    "subtype": "Rosé",
    "volume": 750.0,
    "pricePerLitre": 53.333336,
    "alcohol": 11.5,
    "price": 40.0,
    "alcoholPerPrice": 0.21562499
  },
  {
    "key": "Farfalla Frizzante Rosato750.09.5",
    "storesList": null,
    "name": "Farfalla Frizzante Rosato",
    "type": "Rosévin",
    "subtype": "Rosé",
    "volume": 750.0,
    "pricePerLitre": 59.933334,
    "alcohol": 9.5,
    "price": 44.95,
    "alcoholPerPrice": 0.15850945
  },
  {
    "key": "Verosso Primitivo Rosé750.012.0",
    "storesList": null,
    "name": "Verosso Primitivo Rosé",
    "type": "Rosévin",
    "subtype": "Rosé",
    "volume": 750.0,
    "pricePerLitre": 66.600006,
    "alcohol": 12.0,
    "price": 49.95,
    "alcoholPerPrice": 0.18018016
  },
  {
    "key": "Diamond Hill Shiraz Rosé750.013.0",
    "storesList": null,
    "name": "Diamond Hill Shiraz Rosé",
    "type": "Rosévin",
    "subtype": "Rosé",
    "volume": 750.0,
    "pricePerLitre": 66.600006,
    "alcohol": 13.0,
    "price": 49.95,
    "alcoholPerPrice": 0.19519518
  },
  {
    "key": "Jacob’s Creek Shiraz Rosé750.011.9",
    "storesList": null,
    "name": "Jacob’s Creek Shiraz Rosé",
    "type": "Rosévin",
    "subtype": "Rosé",
    "volume": 750.0,
    "pricePerLitre": 71.933334,
    "alcohol": 11.9,
    "price": 53.95,
    "alcoholPerPrice": 0.16543095
  },
  {
    "key": "Exquise Prestige, Rosé750.012.5",
    "storesList": null,
    "name": "Exquise Prestige, Rosé",
    "type": "Rosévin",
    "subtype": "Rosé",
    "volume": 750.0,
    "pricePerLitre": 79.933334,
    "alcohol": 12.5,
    "price": 59.95,
    "alcoholPerPrice": 0.15638031
  },
  {
    "key": "Silverboom Pinotage Rosé750.014.0",
    "storesList": null,
    "name": "Silverboom Pinotage Rosé",
    "type": "Rosévin",
    "subtype": "Rosé",
    "volume": 750.0,
    "pricePerLitre": 79.933334,
    "alcohol": 14.0,
    "price": 59.95,
    "alcoholPerPrice": 0.17514595
  },
  {
    "key": "Butcher’s Cut Chardonnay750.013.0",
    "storesList": null,
    "name": "Butcher’s Cut Chardonnay",
    "type": "Vitt vin",
    "subtype": "Vitt",
    "volume": 750.0,
    "pricePerLitre": 79.933334,
    "alcohol": 13.0,
    "price": 59.95,
    "alcoholPerPrice": 0.16263552
  },
  {
    "key": "Catalpa Chardonnay, Single Vineyard, Mendoza750.013.5",
    "storesList": null,
    "name": "Catalpa Chardonnay, Single Vineyard, Mendoza",
    "type": "Vitt vin",
    "subtype": "Vitt",
    "volume": 750.0,
    "pricePerLitre": 133.26666,
    "alcohol": 13.5,
    "price": 99.95,
    "alcoholPerPrice": 0.10130066
  },
  {
    "key": "Doña Paula Estate Torrontes750.013.5",
    "storesList": null,
    "name": "Doña Paula Estate Torrontes",
    "type": "Vitt vin",
    "subtype": "Vitt",
    "volume": 750.0,
    "pricePerLitre": 166.6,
    "alcohol": 13.5,
    "price": 124.95,
    "alcoholPerPrice": 0.08103241
  },
  {
    "key": "Jacob’s Creek Semillon/Chardonnay 18,7 cl187.010.9",
    "storesList": null,
    "name": "Jacob’s Creek Semillon/Chardonnay 18,7 cl",
    "type": "Vitt vin",
    "subtype": "Vitt",
    "volume": 187.0,
    "pricePerLitre": 106.6845,
    "alcohol": 10.9,
    "price": 19.95,
    "alcoholPerPrice": 0.102170415
  },
  {
    "key": "Diamond Hill Chardonnay750.013.0",
    "storesList": null,
    "name": "Diamond Hill Chardonnay",
    "type": "Vitt vin",
    "subtype": "Vitt",
    "volume": 750.0,
    "pricePerLitre": 66.600006,
    "alcohol": 13.0,
    "price": 49.95,
    "alcoholPerPrice": 0.19519518
  },
  {
    "key": "Jacob’s Creek Riesling750.012.0",
    "storesList": null,
    "name": "Jacob’s Creek Riesling",
    "type": "Vitt vin",
    "subtype": "Vitt",
    "volume": 750.0,
    "pricePerLitre": 71.933334,
    "alcohol": 12.0,
    "price": 53.95,
    "alcoholPerPrice": 0.16682112
  },
  {
    "key": "Woodstock Botrytis Semillon375.010.5",
    "storesList": null,
    "name": "Woodstock Botrytis Semillon",
    "type": "Vitt vin",
    "subtype": "Vitt",
    "volume": 375.0,
    "pricePerLitre": 293.2,
    "alcohol": 10.5,
    "price": 109.95,
    "alcoholPerPrice": 0.03581173
  },
  {
    "key": "D’Arenberg The Witches Berry750.013.6",
    "storesList": null,
    "name": "D’Arenberg The Witches Berry",
    "type": "Vitt vin",
    "subtype": "Vitt",
    "volume": 750.0,
    "pricePerLitre": 173.26666,
    "alcohol": 13.6,
    "price": 129.95,
    "alcoholPerPrice": 0.07849173
  },
  {
    "key": "Santa Alicia, Sauvignon Blanc Reserva750.012.5",
    "storesList": null,
    "name": "Santa Alicia, Sauvignon Blanc Reserva",
    "type": "Vitt vin",
    "subtype": "Vitt",
    "volume": 750.0,
    "pricePerLitre": 87.933334,
    "alcohol": 12.5,
    "price": 65.95,
    "alcoholPerPrice": 0.14215314
  },
  {
    "key": "Terrapuna Sauvignon blanc750.013.0",
    "storesList": null,
    "name": "Terrapuna Sauvignon blanc",
    "type": "Vitt vin",
    "subtype": "Vitt",
    "volume": 750.0,
    "pricePerLitre": 119.933334,
    "alcohol": 13.0,
    "price": 89.95,
    "alcoholPerPrice": 0.10839355
  },
  {
    "key": "Casas Patronales, Chardonnay-Sauvignon Blanc, BiB3000.013.5",
    "storesList": null,
    "name": "Casas Patronales, Chardonnay-Sauvignon Blanc, BiB",
    "type": "Vitt vin",
    "subtype": "Vitt",
    "volume": 3000.0,
    "pricePerLitre": 44.983334,
    "alcohol": 13.5,
    "price": 134.95,
    "alcoholPerPrice": 0.30011114
  },
  {
    "key": "EQ matetic sauvignon blanc750.013.5",
    "storesList": null,
    "name": "EQ matetic sauvignon blanc",
    "type": "Vitt vin",
    "subtype": "Vitt",
    "volume": 750.0,
    "pricePerLitre": 186.6,
    "alcohol": 13.5,
    "price": 139.95,
    "alcoholPerPrice": 0.07234726
  },
  {
    "key": "Santa Alicia Sauvignon, Blanc Reserva, 6 flaskor750.012.5",
    "storesList": null,
    "name": "Santa Alicia Sauvignon, Blanc Reserva, 6 flaskor",
    "type": "Vitt vin",
    "subtype": "Vitt",
    "volume": 750.0,
    "pricePerLitre": 527.60004,
    "alcohol": 12.5,
    "price": 395.7,
    "alcoholPerPrice": 0.023692189
  },
  {
    "key": "Medinet Blanc 0,25cl2.510.5",
    "storesList": null,
    "name": "Medinet Blanc 0,25cl",
    "type": "Vitt vin",
    "subtype": "Vitt",
    "volume": 2.5,
    "pricePerLitre": 9980.0,
    "alcohol": 10.5,
    "price": 24.95,
    "alcoholPerPrice": 0.0010521042
  },
  {
    "key": "Parlemont Les Maries Sauvignon Blanc750.011.5",
    "storesList": null,
    "name": "Parlemont Les Maries Sauvignon Blanc",
    "type": "Vitt vin",
    "subtype": "Vitt",
    "volume": 750.0,
    "pricePerLitre": 79.933334,
    "alcohol": 11.5,
    "price": 59.95,
    "alcoholPerPrice": 0.14386989
  },
  {
    "key": "Combeval Grand Cuvée, Oaked Chardonnay750.013.5",
    "storesList": null,
    "name": "Combeval Grand Cuvée, Oaked Chardonnay",
    "type": "Vitt vin",
    "subtype": "Vitt",
    "volume": 750.0,
    "pricePerLitre": 93.26666,
    "alcohol": 13.5,
    "price": 69.95,
    "alcoholPerPrice": 0.14474626
  },
  {
    "key": "Domaine Louis Hauller, Alsace Riesling Cuvée Prestige750.012.5",
    "storesList": null,
    "name": "Domaine Louis Hauller, Alsace Riesling Cuvée Prestige",
    "type": "Vitt vin",
    "subtype": "Vitt",
    "volume": 750.0,
    "pricePerLitre": 99.933334,
    "alcohol": 12.5,
    "price": 74.95,
    "alcoholPerPrice": 0.12508339
  },
  {
    "key": "La Colombelle750.011.5",
    "storesList": null,
    "name": "La Colombelle",
    "type": "Vitt vin",
    "subtype": "Vitt",
    "volume": 750.0,
    "pricePerLitre": 99.933334,
    "alcohol": 11.5,
    "price": 74.95,
    "alcoholPerPrice": 0.11507671
  },
  {
    "key": "Château Petit Roubié, Picpoul de Pinet750.012.5",
    "storesList": null,
    "name": "Château Petit Roubié, Picpoul de Pinet",
    "type": "Vitt vin",
    "subtype": "Vitt",
    "volume": 750.0,
    "pricePerLitre": 99.933334,
    "alcohol": 12.5,
    "price": 74.95,
    "alcoholPerPrice": 0.12508339
  },
  {
    "key": "Domaine Hauller, Alsace Auxerrois Cuvée Prestige750.013.0",
    "storesList": null,
    "name": "Domaine Hauller, Alsace Auxerrois Cuvée Prestige",
    "type": "Vitt vin",
    "subtype": "Vitt",
    "volume": 750.0,
    "pricePerLitre": 99.933334,
    "alcohol": 13.0,
    "price": 74.95,
    "alcoholPerPrice": 0.13008672
  },
  {
    "key": "Chateau des Eyssards, Bergerac, Sauvignon Blanc Semillon750.013.5",
    "storesList": null,
    "name": "Chateau des Eyssards, Bergerac, Sauvignon Blanc Semillon",
    "type": "Vitt vin",
    "subtype": "Vitt",
    "volume": 750.0,
    "pricePerLitre": 106.6,
    "alcohol": 13.5,
    "price": 79.95,
    "alcoholPerPrice": 0.12664165
  },
  {
    "key": "Villa Cardini, ett glas vitt, 19 cl.190.012.0",
    "storesList": null,
    "name": "Villa Cardini, ett glas vitt, 19 cl.",
    "type": "Vitt vin",
    "subtype": "Vitt",
    "volume": 190.0,
    "pricePerLitre": 105.0,
    "alcohol": 12.0,
    "price": 19.95,
    "alcoholPerPrice": 0.114285715
  },
  {
    "key": "Farfalla Frizzante Bianco750.09.5",
    "storesList": null,
    "name": "Farfalla Frizzante Bianco",
    "type": "Vitt vin",
    "subtype": "Vitt",
    "volume": 750.0,
    "pricePerLitre": 59.933334,
    "alcohol": 9.5,
    "price": 44.95,
    "alcoholPerPrice": 0.15850945
  },
  {
    "key": "Due Mari Frascati Superiore750.012.5",
    "storesList": null,
    "name": "Due Mari Frascati Superiore",
    "type": "Vitt vin",
    "subtype": "Vitt",
    "volume": 750.0,
    "pricePerLitre": 59.933334,
    "alcohol": 12.5,
    "price": 44.95,
    "alcoholPerPrice": 0.20856507
  },
  {
    "key": "Verosso Chardonnay750.012.0",
    "storesList": null,
    "name": "Verosso Chardonnay",
    "type": "Vitt vin",
    "subtype": "Vitt",
    "volume": 750.0,
    "pricePerLitre": 66.600006,
    "alcohol": 12.0,
    "price": 49.95,
    "alcoholPerPrice": 0.18018016
  },
  {
    "key": "Pirosso Chardonnay750.012.5",
    "storesList": null,
    "name": "Pirosso Chardonnay",
    "type": "Vitt vin",
    "subtype": "Vitt",
    "volume": 750.0,
    "pricePerLitre": 66.600006,
    "alcohol": 12.5,
    "price": 49.95,
    "alcoholPerPrice": 0.18768767
  },
  {
    "key": "Il Lebbio Vernaccia di San Gimignano DOCG750.013.5",
    "storesList": null,
    "name": "Il Lebbio Vernaccia di San Gimignano DOCG",
    "type": "Vitt vin",
    "subtype": "Vitt",
    "volume": 750.0,
    "pricePerLitre": 80.0,
    "alcohol": 13.5,
    "price": 60.0,
    "alcoholPerPrice": 0.16875
  },
  {
    "key": "Maia Pecorino, Cantine Maligni750.012.5",
    "storesList": null,
    "name": "Maia Pecorino, Cantine Maligni",
    "type": "Vitt vin",
    "subtype": "Vitt",
    "volume": 750.0,
    "pricePerLitre": 80.0,
    "alcohol": 12.5,
    "price": 60.0,
    "alcoholPerPrice": 0.15625
  },
  {
    "key": "Soave Classico750.012.5",
    "storesList": null,
    "name": "Soave Classico",
    "type": "Vitt vin",
    "subtype": "Vitt",
    "volume": 750.0,
    "pricePerLitre": 186.6,
    "alcohol": 12.5,
    "price": 139.95,
    "alcoholPerPrice": 0.06698821
  },
  {
    "key": "Chrystal Bay, Sauvignon Blanc750.013.0",
    "storesList": null,
    "name": "Chrystal Bay, Sauvignon Blanc",
    "type": "Vitt vin",
    "subtype": "Vitt",
    "volume": 750.0,
    "pricePerLitre": 79.933334,
    "alcohol": 13.0,
    "price": 59.95,
    "alcoholPerPrice": 0.16263552
  },
  {
    "key": "Mount Vernon Sauvignon Blanc Marlborough750.013.0",
    "storesList": null,
    "name": "Mount Vernon Sauvignon Blanc Marlborough",
    "type": "Vitt vin",
    "subtype": "Vitt",
    "volume": 750.0,
    "pricePerLitre": 133.26666,
    "alcohol": 13.0,
    "price": 99.95,
    "alcoholPerPrice": 0.097548775
  },
  {
    "key": "Lawson’s Dry Hills Reserve Sauvignon Blanc750.013.0",
    "storesList": null,
    "name": "Lawson’s Dry Hills Reserve Sauvignon Blanc",
    "type": "Vitt vin",
    "subtype": "Vitt",
    "volume": 750.0,
    "pricePerLitre": 159.93333,
    "alcohol": 13.0,
    "price": 119.95,
    "alcoholPerPrice": 0.08128387
  },
  {
    "key": "Markus Huber, Grüner Veltliner Terassen750.012.0",
    "storesList": null,
    "name": "Markus Huber, Grüner Veltliner Terassen",
    "type": "Vitt vin",
    "subtype": "Vitt",
    "volume": 750.0,
    "pricePerLitre": 119.933334,
    "alcohol": 12.0,
    "price": 89.95,
    "alcoholPerPrice": 0.10005558
  },
  {
    "key": "Michael Opitz, Casual White Mu/Mo/SB750.012.5",
    "storesList": null,
    "name": "Michael Opitz, Casual White Mu/Mo/SB",
    "type": "Vitt vin",
    "subtype": "Vitt",
    "volume": 750.0,
    "pricePerLitre": 139.93333,
    "alcohol": 12.5,
    "price": 104.95,
    "alcoholPerPrice": 0.08932825
  },
  {
    "key": "Faustino VII Blanco, 18,7 cl187.012.0",
    "storesList": null,
    "name": "Faustino VII Blanco, 18,7 cl",
    "type": "Vitt vin",
    "subtype": "Vitt",
    "volume": 187.0,
    "pricePerLitre": 106.6845,
    "alcohol": 12.0,
    "price": 19.95,
    "alcoholPerPrice": 0.11248119
  },
  {
    "key": "Moscato Mediterraneao750.04.5",
    "storesList": null,
    "name": "Moscato Mediterraneao",
    "type": "Vitt vin",
    "subtype": "Vitt",
    "volume": 750.0,
    "pricePerLitre": 73.26667,
    "alcohol": 4.5,
    "price": 54.95,
    "alcoholPerPrice": 0.06141947
  },
  {
    "key": "Goya Vino Blanco Dulce Moscatel500.014.0",
    "storesList": null,
    "name": "Goya Vino Blanco Dulce Moscatel",
    "type": "Vitt vin",
    "subtype": "Vitt",
    "volume": 500.0,
    "pricePerLitre": 119.9,
    "alcohol": 14.0,
    "price": 59.95,
    "alcoholPerPrice": 0.11676397
  },
  {
    "key": "+Natura Xarel-lo Ecológico750.011.0",
    "storesList": null,
    "name": "+Natura Xarel-lo Ecológico",
    "type": "Vitt vin",
    "subtype": "Vitt",
    "volume": 750.0,
    "pricePerLitre": 86.6,
    "alcohol": 11.0,
    "price": 64.95,
    "alcoholPerPrice": 0.12702079
  },
  {
    "key": "Campillo Blanco 2016750.012.5",
    "storesList": null,
    "name": "Campillo Blanco 2016",
    "type": "Vitt vin",
    "subtype": "Vitt",
    "volume": 750.0,
    "pricePerLitre": 86.6,
    "alcohol": 12.5,
    "price": 64.95,
    "alcoholPerPrice": 0.1443418
  },
  {
    "key": "Mocén Sauvignon Blanc750.013.0",
    "storesList": null,
    "name": "Mocén Sauvignon Blanc",
    "type": "Vitt vin",
    "subtype": "Vitt",
    "volume": 750.0,
    "pricePerLitre": 93.26666,
    "alcohol": 13.0,
    "price": 69.95,
    "alcoholPerPrice": 0.13938528
  },
  {
    "key": "Mocén Verdejo, Fermentado en Barrica750.013.0",
    "storesList": null,
    "name": "Mocén Verdejo, Fermentado en Barrica",
    "type": "Vitt vin",
    "subtype": "Vitt",
    "volume": 750.0,
    "pricePerLitre": 153.26666,
    "alcohol": 13.0,
    "price": 114.95,
    "alcoholPerPrice": 0.08481949
  },
  {
    "key": "Ddulce Ice Wine Dominio de la Vega375.011.0",
    "storesList": null,
    "name": "Ddulce Ice Wine Dominio de la Vega",
    "type": "Vitt vin",
    "subtype": "Vitt",
    "volume": 375.0,
    "pricePerLitre": 373.2,
    "alcohol": 11.0,
    "price": 139.95,
    "alcoholPerPrice": 0.029474812
  },
  {
    "key": "Mocén Sauvignon Blanc, 6 flaskor4500.013.0",
    "storesList": null,
    "name": "Mocén Sauvignon Blanc, 6 flaskor",
    "type": "Vitt vin",
    "subtype": "Vitt",
    "volume": 4500.0,
    "pricePerLitre": 93.26667,
    "alcohol": 13.0,
    "price": 419.7,
    "alcoholPerPrice": 0.13938527
  },
  {
    "key": "Robertson Chardonnay750.013.5",
    "storesList": null,
    "name": "Robertson Chardonnay",
    "type": "Vitt vin",
    "subtype": "Vitt",
    "volume": 750.0,
    "pricePerLitre": 59.933334,
    "alcohol": 13.5,
    "price": 44.95,
    "alcoholPerPrice": 0.22525027
  },
  {
    "key": "Riddersberg Chenin Blanc/Chardonnay750.012.5",
    "storesList": null,
    "name": "Riddersberg Chenin Blanc/Chardonnay",
    "type": "Vitt vin",
    "subtype": "Vitt",
    "volume": 750.0,
    "pricePerLitre": 66.653336,
    "alcohol": 12.5,
    "price": 49.99,
    "alcoholPerPrice": 0.1875375
  },
  {
    "key": "Silverboom Chardonnay750.014.0",
    "storesList": null,
    "name": "Silverboom Chardonnay",
    "type": "Vitt vin",
    "subtype": "Vitt",
    "volume": 750.0,
    "pricePerLitre": 79.933334,
    "alcohol": 14.0,
    "price": 59.95,
    "alcoholPerPrice": 0.17514595
  },
  {
    "key": "Backsberg Chenin Blanc750.013.0",
    "storesList": null,
    "name": "Backsberg Chenin Blanc",
    "type": "Vitt vin",
    "subtype": "Vitt",
    "volume": 750.0,
    "pricePerLitre": 106.6,
    "alcohol": 13.0,
    "price": 79.95,
    "alcoholPerPrice": 0.12195122
  },
  {
    "key": "Riddersberg Chenin Blanc/Chardonnay 6 st.4500.012.5",
    "storesList": null,
    "name": "Riddersberg Chenin Blanc/Chardonnay 6 st.",
    "type": "Vitt vin",
    "subtype": "Vitt",
    "volume": 4500.0,
    "pricePerLitre": 66.655556,
    "alcohol": 12.5,
    "price": 299.95,
    "alcoholPerPrice": 0.18753125
  },
  {
    "key": "Silverboom Chardonnay, 6 flaskor4500.014.0",
    "storesList": null,
    "name": "Silverboom Chardonnay, 6 flaskor",
    "type": "Vitt vin",
    "subtype": "Vitt",
    "volume": 4500.0,
    "pricePerLitre": 79.98889,
    "alcohol": 14.0,
    "price": 359.95,
    "alcoholPerPrice": 0.1750243
  },
  {
    "key": "Königsmosel Riesling750.08.5",
    "storesList": null,
    "name": "Königsmosel Riesling",
    "type": "Vitt vin",
    "subtype": "Vitt",
    "volume": 750.0,
    "pricePerLitre": 53.26667,
    "alcohol": 8.5,
    "price": 39.95,
    "alcoholPerPrice": 0.15957446
  },
  {
    "key": "Johannes Egberts Liebfraumilch750.08.5",
    "storesList": null,
    "name": "Johannes Egberts Liebfraumilch",
    "type": "Vitt vin",
    "subtype": "Vitt",
    "volume": 750.0,
    "pricePerLitre": 59.933334,
    "alcohol": 8.5,
    "price": 44.95,
    "alcoholPerPrice": 0.14182425
  },
  {
    "key": "Piesporter Michelsberg750.010.0",
    "storesList": null,
    "name": "Piesporter Michelsberg",
    "type": "Vitt vin",
    "subtype": "Vitt",
    "volume": 750.0,
    "pricePerLitre": 59.933334,
    "alcohol": 10.0,
    "price": 44.95,
    "alcoholPerPrice": 0.16685206
  },
  {
    "key": "Petri Riesling Kabinett Trocken Herxheimer Honigsack750.012.5",
    "storesList": null,
    "name": "Petri Riesling Kabinett Trocken Herxheimer Honigsack",
    "type": "Vitt vin",
    "subtype": "Vitt",
    "volume": 750.0,
    "pricePerLitre": 86.6,
    "alcohol": 12.5,
    "price": 64.95,
    "alcoholPerPrice": 0.1443418
  },
  {
    "key": "Petri Riesling halbtrocken 1 Liter1000.011.5",
    "storesList": null,
    "name": "Petri Riesling halbtrocken 1 Liter",
    "type": "Vitt vin",
    "subtype": "Vitt",
    "volume": 1000.0,
    "pricePerLitre": 69.95,
    "alcohol": 11.5,
    "price": 69.95,
    "alcoholPerPrice": 0.16440316
  },
  {
    "key": "Petri Kallstadter Saumagen Riesling Spätlese Feinherb Alte Reben750.014.0",
    "storesList": null,
    "name": "Petri Kallstadter Saumagen Riesling Spätlese Feinherb Alte Reben",
    "type": "Vitt vin",
    "subtype": "Vitt",
    "volume": 750.0,
    "pricePerLitre": 146.6,
    "alcohol": 14.0,
    "price": 109.95,
    "alcoholPerPrice": 0.09549795
  },
  {
    "key": "Schloss Lieser Niederberg Helden Spätlese 2011750.07.5",
    "storesList": null,
    "name": "Schloss Lieser Niederberg Helden Spätlese 2011",
    "type": "Vitt vin",
    "subtype": "Vitt",
    "volume": 750.0,
    "pricePerLitre": 226.6,
    "alcohol": 7.5,
    "price": 169.95,
    "alcoholPerPrice": 0.033097968
  },
  {
    "key": "Western Cellars, Colombard Chardonnay750.011.5",
    "storesList": null,
    "name": "Western Cellars, Colombard Chardonnay",
    "type": "Vitt vin",
    "subtype": "Vitt",
    "volume": 750.0,
    "pricePerLitre": 79.933334,
    "alcohol": 11.5,
    "price": 59.95,
    "alcoholPerPrice": 0.14386989
  },
  {
    "key": "Calipaso ”CP” Chardonnay750.014.5",
    "storesList": null,
    "name": "Calipaso ”CP” Chardonnay",
    "type": "Vitt vin",
    "subtype": "Vitt",
    "volume": 750.0,
    "pricePerLitre": 146.6,
    "alcohol": 14.5,
    "price": 109.95,
    "alcoholPerPrice": 0.09890859
  },
  {
    "key": "Raeburn Chardonnay, Russian River, Sonoma USA750.014.0",
    "storesList": null,
    "name": "Raeburn Chardonnay, Russian River, Sonoma USA",
    "type": "Vitt vin",
    "subtype": "Vitt",
    "volume": 750.0,
    "pricePerLitre": 213.26666,
    "alcohol": 14.0,
    "price": 159.95,
    "alcoholPerPrice": 0.065645516
  },
  {
    "key": "Hapsburg Absinth500.072.5",
    "storesList": null,
    "name": "Hapsburg Absinth",
    "type": "Anissprit",
    "subtype": "Absint",
    "volume": 500.0,
    "pricePerLitre": 439.9,
    "alcohol": 72.5,
    "price": 219.95,
    "alcoholPerPrice": 0.16481018
  },
  {
    "key": "Sante Abrikos aperitif1000.015.0",
    "storesList": null,
    "name": "Sante Abrikos aperitif",
    "type": "Aperitif och dessert",
    "subtype": "",
    "volume": 1000.0,
    "pricePerLitre": 49.95,
    "alcohol": 15.0,
    "price": 49.95,
    "alcoholPerPrice": 0.3003003
  },
  {
    "key": "Santé Jordgubbsaperitif1000.015.0",
    "storesList": null,
    "name": "Santé Jordgubbsaperitif",
    "type": "Aperitif och dessert",
    "subtype": "",
    "volume": 1000.0,
    "pricePerLitre": 49.95,
    "alcohol": 15.0,
    "price": 49.95,
    "alcoholPerPrice": 0.3003003
  },
  {
    "key": "Perlino Dry1000.014.8",
    "storesList": null,
    "name": "Perlino Dry",
    "type": "Aperitif och dessert",
    "subtype": "",
    "volume": 1000.0,
    "pricePerLitre": 49.95,
    "alcohol": 14.8,
    "price": 49.95,
    "alcoholPerPrice": 0.2962963
  },
  {
    "key": "Santé Granatæbleaperitif1000.015.0",
    "storesList": null,
    "name": "Santé Granatæbleaperitif",
    "type": "Aperitif och dessert",
    "subtype": "",
    "volume": 1000.0,
    "pricePerLitre": 49.95,
    "alcohol": 15.0,
    "price": 49.95,
    "alcoholPerPrice": 0.3003003
  },
  {
    "key": "Santé Fläderbloms aperitif1000.015.0",
    "storesList": null,
    "name": "Santé Fläderbloms aperitif",
    "type": "Aperitif och dessert",
    "subtype": "",
    "volume": 1000.0,
    "pricePerLitre": 49.95,
    "alcohol": 15.0,
    "price": 49.95,
    "alcoholPerPrice": 0.3003003
  },
  {
    "key": "Santé Æble aperitif1000.015.0",
    "storesList": null,
    "name": "Santé Æble aperitif",
    "type": "Aperitif och dessert",
    "subtype": "",
    "volume": 1000.0,
    "pricePerLitre": 49.95,
    "alcohol": 15.0,
    "price": 49.95,
    "alcoholPerPrice": 0.3003003
  },
  {
    "key": "Perlino Rosso1000.014.8",
    "storesList": null,
    "name": "Perlino Rosso",
    "type": "Aperitif och dessert",
    "subtype": "",
    "volume": 1000.0,
    "pricePerLitre": 49.95,
    "alcohol": 14.8,
    "price": 49.95,
    "alcoholPerPrice": 0.2962963
  },
  {
    "key": "Santé kiwi aperitif1000.015.0",
    "storesList": null,
    "name": "Santé kiwi aperitif",
    "type": "Aperitif och dessert",
    "subtype": "",
    "volume": 1000.0,
    "pricePerLitre": 49.95,
    "alcohol": 15.0,
    "price": 49.95,
    "alcoholPerPrice": 0.3003003
  },
  {
    "key": "1-Enkelt Bitter, 2 cl.20.035.0",
    "storesList": null,
    "name": "1-Enkelt Bitter, 2 cl.",
    "type": "Sprit",
    "subtype": "Bitter",
    "volume": 20.0,
    "pricePerLitre": 750.0,
    "alcohol": 35.0,
    "price": 15.0,
    "alcoholPerPrice": 0.046666667
  },
  {
    "key": "Mooseshot500.037.0",
    "storesList": null,
    "name": "Mooseshot",
    "type": "Sprit",
    "subtype": "Bitter",
    "volume": 500.0,
    "pricePerLitre": 239.9,
    "alcohol": 37.0,
    "price": 119.95,
    "alcoholPerPrice": 0.15423094
  },
  {
    "key": "Angostura Bitter200.044.7",
    "storesList": null,
    "name": "Angostura Bitter",
    "type": "Sprit",
    "subtype": "Bitter",
    "volume": 200.0,
    "pricePerLitre": 599.75,
    "alcohol": 44.7,
    "price": 119.95,
    "alcoholPerPrice": 0.074531056
  },
  {
    "key": "1-Enkelt Bitter 70 cl.700.035.0",
    "storesList": null,
    "name": "1-Enkelt Bitter 70 cl.",
    "type": "Sprit",
    "subtype": "Bitter",
    "volume": 700.0,
    "pricePerLitre": 185.64285,
    "alcohol": 35.0,
    "price": 129.95,
    "alcoholPerPrice": 0.18853405
  },
  {
    "key": "Valhalla bitter snaps 1 Liter700.035.0",
    "storesList": null,
    "name": "Valhalla bitter snaps 1 Liter",
    "type": "Sprit",
    "subtype": "Bitter",
    "volume": 700.0,
    "pricePerLitre": 185.64285,
    "alcohol": 35.0,
    "price": 129.95,
    "alcoholPerPrice": 0.18853405
  },
  {
    "key": "Svartvinbärsbrännvin 5 cl.50.032.0",
    "storesList": null,
    "name": "Svartvinbärsbrännvin 5 cl.",
    "type": "Sprit",
    "subtype": "Kryddad snaps",
    "volume": 50.0,
    "pricePerLitre": 399.0,
    "alcohol": 32.0,
    "price": 19.95,
    "alcoholPerPrice": 0.0802005
  },
  {
    "key": "Kallsupen Akvavit 5 cl.50.038.0",
    "storesList": null,
    "name": "Kallsupen Akvavit 5 cl.",
    "type": "Sprit",
    "subtype": "Kryddad snaps",
    "volume": 50.0,
    "pricePerLitre": 399.0,
    "alcohol": 38.0,
    "price": 19.95,
    "alcoholPerPrice": 0.0952381
  },
  {
    "key": "Utö Ekologisk Snaps 5 cl.50.038.0",
    "storesList": null,
    "name": "Utö Ekologisk Snaps 5 cl.",
    "type": "Sprit",
    "subtype": "Kryddad snaps",
    "volume": 50.0,
    "pricePerLitre": 399.0,
    "alcohol": 38.0,
    "price": 19.95,
    "alcoholPerPrice": 0.0952381
  },
  {
    "key": "Frøken Nielsen’s Sommersnaps 3×2 cl.20.038.0",
    "storesList": null,
    "name": "Frøken Nielsen’s Sommersnaps 3×2 cl.",
    "type": "Sprit",
    "subtype": "Kryddad snaps",
    "volume": 20.0,
    "pricePerLitre": 1747.5,
    "alcohol": 38.0,
    "price": 34.95,
    "alcoholPerPrice": 0.02174535
  },
  {
    "key": "Saltö Ekologisk Akvavit 35 cl.350.038.0",
    "storesList": null,
    "name": "Saltö Ekologisk Akvavit 35 cl.",
    "type": "Sprit",
    "subtype": "Kryddad snaps",
    "volume": 350.0,
    "pricePerLitre": 228.42857,
    "alcohol": 38.0,
    "price": 79.95,
    "alcoholPerPrice": 0.16635397
  },
  {
    "key": "Aalborg Klar mild Høkersnaps700.032.0",
    "storesList": null,
    "name": "Aalborg Klar mild Høkersnaps",
    "type": "Sprit",
    "subtype": "Kryddad snaps",
    "volume": 700.0,
    "pricePerLitre": 142.78572,
    "alcohol": 32.0,
    "price": 99.95,
    "alcoholPerPrice": 0.22411205
  },
  {
    "key": "Aalborg Gylden mild Høkersnaps700.032.0",
    "storesList": null,
    "name": "Aalborg Gylden mild Høkersnaps",
    "type": "Sprit",
    "subtype": "Kryddad snaps",
    "volume": 700.0,
    "pricePerLitre": 142.78572,
    "alcohol": 32.0,
    "price": 99.95,
    "alcoholPerPrice": 0.22411205
  },
  {
    "key": "Frøken Nielsens Sommersnaps500.038.0",
    "storesList": null,
    "name": "Frøken Nielsens Sommersnaps",
    "type": "Sprit",
    "subtype": "Kryddad snaps",
    "volume": 500.0,
    "pricePerLitre": 219.9,
    "alcohol": 38.0,
    "price": 109.95,
    "alcoholPerPrice": 0.17280583
  },
  {
    "key": "Bäska Droppar500.040.0",
    "storesList": null,
    "name": "Bäska Droppar",
    "type": "Sprit",
    "subtype": "Kryddad snaps",
    "volume": 500.0,
    "pricePerLitre": 219.9,
    "alcohol": 40.0,
    "price": 109.95,
    "alcoholPerPrice": 0.18190087
  },
  {
    "key": "Piratens Besk700.032.0",
    "storesList": null,
    "name": "Piratens Besk",
    "type": "Sprit",
    "subtype": "Akvavit",
    "volume": 700.0,
    "pricePerLitre": 99.98571,
    "alcohol": 32.0,
    "price": 69.99,
    "alcoholPerPrice": 0.32004574
  },
  {
    "key": "Jelzin Red Orange700.018.0",
    "storesList": null,
    "name": "Jelzin Red Orange",
    "type": "Vodka",
    "subtype": "Smaksatt",
    "volume": 700.0,
    "pricePerLitre": 99.928566,
    "alcohol": 18.0,
    "price": 69.95,
    "alcoholPerPrice": 0.18012868
  },
  {
    "key": "Minttu Polar Pear500.040.0",
    "storesList": null,
    "name": "Minttu Polar Pear",
    "type": "Vodka",
    "subtype": "Smaksatt",
    "volume": 500.0,
    "pricePerLitre": 199.9,
    "alcohol": 40.0,
    "price": 99.95,
    "alcoholPerPrice": 0.20010005
  },
  {
    "key": "Minttu Peppermint500.040.0",
    "storesList": null,
    "name": "Minttu Peppermint",
    "type": "Vodka",
    "subtype": "Smaksatt",
    "volume": 500.0,
    "pricePerLitre": 199.9,
    "alcohol": 40.0,
    "price": 99.95,
    "alcoholPerPrice": 0.20010005
  },
  {
    "key": "Små Grønne1000.016.4",
    "storesList": null,
    "name": "Små Grønne",
    "type": "Sprit",
    "subtype": "Shots",
    "volume": 1000.0,
    "pricePerLitre": 66.98,
    "alcohol": 16.4,
    "price": 66.98,
    "alcoholPerPrice": 0.24484919
  },
  {
    "key": "Små Røde Raspberry Liquorice1000.016.4",
    "storesList": null,
    "name": "Små Røde Raspberry Liquorice",
    "type": "Sprit",
    "subtype": "Shots",
    "volume": 1000.0,
    "pricePerLitre": 66.98,
    "alcohol": 16.4,
    "price": 66.98,
    "alcoholPerPrice": 0.24484919
  },
  {
    "key": "Cuba dry lemon700.030.0",
    "storesList": null,
    "name": "Cuba dry lemon",
    "type": "Sprit",
    "subtype": "Vodka",
    "volume": 700.0,
    "pricePerLitre": 164.28572,
    "alcohol": 30.0,
    "price": 115.0,
    "alcoholPerPrice": 0.1826087
  },
  {
    "key": "Torres 10 år Gran Reserva700.038.0",
    "storesList": null,
    "name": "Torres 10 år Gran Reserva",
    "type": "Sprit",
    "subtype": "Cognac",
    "volume": 700.0,
    "pricePerLitre": 214.21428,
    "alcohol": 38.0,
    "price": 149.95,
    "alcoholPerPrice": 0.17739247
  },
  {
    "key": "Bardinet Brandy VSOP 1 Liter1000.036.0",
    "storesList": null,
    "name": "Bardinet Brandy VSOP 1 Liter",
    "type": "Sprit",
    "subtype": "Cognac",
    "volume": 1000.0,
    "pricePerLitre": 159.95,
    "alcohol": 36.0,
    "price": 159.95,
    "alcoholPerPrice": 0.22507034
  },
  {
    "key": "Metaxa ***** 70 cl.700.038.0",
    "storesList": null,
    "name": "Metaxa ***** 70 cl.",
    "type": "Sprit",
    "subtype": "Cognac",
    "volume": 700.0,
    "pricePerLitre": 228.5,
    "alcohol": 38.0,
    "price": 159.95,
    "alcoholPerPrice": 0.16630197
  },
  {
    "key": "Courvoisier VS700.040.0",
    "storesList": null,
    "name": "Courvoisier VS",
    "type": "Sprit",
    "subtype": "Cognac",
    "volume": 700.0,
    "pricePerLitre": 214.27144,
    "alcohol": 40.0,
    "price": 149.99,
    "alcoholPerPrice": 0.18667911
  },
  {
    "key": "Calvados Christian Drouin, Domaine Coeur de Lion, Sélection700.040.0",
    "storesList": null,
    "name": "Calvados Christian Drouin, Domaine Coeur de Lion, Sélection",
    "type": "Sprit",
    "subtype": "Cognac",
    "volume": 700.0,
    "pricePerLitre": 285.64285,
    "alcohol": 40.0,
    "price": 199.95,
    "alcoholPerPrice": 0.14003502
  },
  {
    "key": "Boulard Calvados Grand Solage700.040.0",
    "storesList": null,
    "name": "Boulard Calvados Grand Solage",
    "type": "Sprit",
    "subtype": "Cognac",
    "volume": 700.0,
    "pricePerLitre": 299.9286,
    "alcohol": 40.0,
    "price": 209.95,
    "alcoholPerPrice": 0.13336508
  },
  {
    "key": "Martell VS 70 cl.700.040.0",
    "storesList": null,
    "name": "Martell VS 70 cl.",
    "type": "Sprit",
    "subtype": "Cognac",
    "volume": 700.0,
    "pricePerLitre": 328.5,
    "alcohol": 40.0,
    "price": 229.95,
    "alcoholPerPrice": 0.1217656
  },
  {
    "key": "Grönstedt VSOP Monopole 70 cl.700.040.0",
    "storesList": null,
    "name": "Grönstedt VSOP Monopole 70 cl.",
    "type": "Sprit",
    "subtype": "Cognac",
    "volume": 700.0,
    "pricePerLitre": 335.64285,
    "alcohol": 40.0,
    "price": 234.95,
    "alcoholPerPrice": 0.119174294
  },
  {
    "key": "Gibson Gin700.037.5",
    "storesList": null,
    "name": "Gibson Gin",
    "type": "Sprit",
    "subtype": "Gin",
    "volume": 700.0,
    "pricePerLitre": 142.78572,
    "alcohol": 37.5,
    "price": 99.95,
    "alcoholPerPrice": 0.2626313
  },
  {
    "key": "Mr. Stachers gin700.037.5",
    "storesList": null,
    "name": "Mr. Stachers gin",
    "type": "Sprit",
    "subtype": "Gin",
    "volume": 700.0,
    "pricePerLitre": 142.78572,
    "alcohol": 37.5,
    "price": 99.95,
    "alcoholPerPrice": 0.2626313
  },
  {
    "key": "Beefeater Gin, 70 cl.700.040.0",
    "storesList": null,
    "name": "Beefeater Gin, 70 cl.",
    "type": "Sprit",
    "subtype": "Gin",
    "volume": 700.0,
    "pricePerLitre": 185.64285,
    "alcohol": 40.0,
    "price": 129.95,
    "alcoholPerPrice": 0.2154675
  },
  {
    "key": "Boigin Gin500.040.0",
    "storesList": null,
    "name": "Boigin Gin",
    "type": "Sprit",
    "subtype": "Gin",
    "volume": 500.0,
    "pricePerLitre": 279.9,
    "alcohol": 40.0,
    "price": 139.95,
    "alcoholPerPrice": 0.14290819
  },
  {
    "key": "Greenall’s Gin 100 cl.1000.040.0",
    "storesList": null,
    "name": "Greenall’s Gin 100 cl.",
    "type": "Sprit",
    "subtype": "Gin",
    "volume": 1000.0,
    "pricePerLitre": 189.95,
    "alcohol": 40.0,
    "price": 189.95,
    "alcoholPerPrice": 0.21058173
  },
  {
    "key": "Nardini Grappa Bianca, 60 %, 35 cl.350.060.0",
    "storesList": null,
    "name": "Nardini Grappa Bianca, 60 %, 35 cl.",
    "type": "Sprit",
    "subtype": "Grappa",
    "volume": 350.0,
    "pricePerLitre": 399.85715,
    "alcohol": 60.0,
    "price": 139.95,
    "alcoholPerPrice": 0.15005359
  },
  {
    "key": "Grappa Riserva Nardini 50%, 35 cl350.050.0",
    "storesList": null,
    "name": "Grappa Riserva Nardini 50%, 35 cl",
    "type": "Sprit",
    "subtype": "Grappa",
    "volume": 350.0,
    "pricePerLitre": 414.14285,
    "alcohol": 50.0,
    "price": 144.95,
    "alcoholPerPrice": 0.12073129
  },
  {
    "key": "Grappa Cellini Amarone500.038.0",
    "storesList": null,
    "name": "Grappa Cellini Amarone",
    "type": "Sprit",
    "subtype": "Grappa",
    "volume": 500.0,
    "pricePerLitre": 399.9,
    "alcohol": 38.0,
    "price": 199.95,
    "alcoholPerPrice": 0.09502376
  },
  {
    "key": "Nardini Grappa Bianca 60%, 70 cl.700.060.0",
    "storesList": null,
    "name": "Nardini Grappa Bianca 60%, 70 cl.",
    "type": "Sprit",
    "subtype": "Grappa",
    "volume": 700.0,
    "pricePerLitre": 364.2143,
    "alcohol": 60.0,
    "price": 254.95,
    "alcoholPerPrice": 0.16473818
  },
  {
    "key": "Chardonnay di Nonino Grappa700.041.0",
    "storesList": null,
    "name": "Chardonnay di Nonino Grappa",
    "type": "Sprit",
    "subtype": "Grappa",
    "volume": 700.0,
    "pricePerLitre": 385.64288,
    "alcohol": 41.0,
    "price": 269.95,
    "alcoholPerPrice": 0.10631598
  },
  {
    "key": "Merlot di Nonino Grappa700.041.0",
    "storesList": null,
    "name": "Merlot di Nonino Grappa",
    "type": "Sprit",
    "subtype": "Grappa",
    "volume": 700.0,
    "pricePerLitre": 385.64288,
    "alcohol": 41.0,
    "price": 269.95,
    "alcoholPerPrice": 0.10631598
  },
  {
    "key": "Grappa Riserva Nardini 50 %, 70 cl.700.050.0",
    "storesList": null,
    "name": "Grappa Riserva Nardini 50 %, 70 cl.",
    "type": "Sprit",
    "subtype": "Grappa",
    "volume": 700.0,
    "pricePerLitre": 385.64288,
    "alcohol": 50.0,
    "price": 269.95,
    "alcoholPerPrice": 0.12965363
  },
  {
    "key": "Bols Blue 50 cl. Blå Curacao500.021.0",
    "storesList": null,
    "name": "Bols Blue 50 cl. Blå Curacao",
    "type": "Sprit",
    "subtype": "Likör",
    "volume": 500.0,
    "pricePerLitre": 179.9,
    "alcohol": 21.0,
    "price": 89.95,
    "alcoholPerPrice": 0.116731524
  },
  {
    "key": "Limoncello Rialto 70cl.700.030.0",
    "storesList": null,
    "name": "Limoncello Rialto 70cl.",
    "type": "Sprit",
    "subtype": "Likör",
    "volume": 700.0,
    "pricePerLitre": 142.78572,
    "alcohol": 30.0,
    "price": 99.95,
    "alcoholPerPrice": 0.21010505
  },
  {
    "key": "Toorank Triple Sec 1 Liter1000.024.0",
    "storesList": null,
    "name": "Toorank Triple Sec 1 Liter",
    "type": "Sprit",
    "subtype": "Likör",
    "volume": 1000.0,
    "pricePerLitre": 119.95,
    "alcohol": 24.0,
    "price": 119.95,
    "alcoholPerPrice": 0.20008337
  },
  {
    "key": "Limoncello Rossi D’Asiago 70 cl.7.032.0",
    "storesList": null,
    "name": "Limoncello Rossi D’Asiago 70 cl.",
    "type": "Sprit",
    "subtype": "Likör",
    "volume": 7.0,
    "pricePerLitre": 18564.285,
    "alcohol": 32.0,
    "price": 129.95,
    "alcoholPerPrice": 0.0017237399
  },
  {
    "key": "Mandarine Napoléon 70 cl.7.038.0",
    "storesList": null,
    "name": "Mandarine Napoléon 70 cl.",
    "type": "Sprit",
    "subtype": "Likör",
    "volume": 7.0,
    "pricePerLitre": 31421.43,
    "alcohol": 38.0,
    "price": 219.95,
    "alcoholPerPrice": 0.0012093657
  },
  {
    "key": "Cointreau 1Liter1000.040.0",
    "storesList": null,
    "name": "Cointreau 1Liter",
    "type": "Sprit",
    "subtype": "Likör",
    "volume": 1000.0,
    "pricePerLitre": 259.95,
    "alcohol": 40.0,
    "price": 259.95,
    "alcoholPerPrice": 0.15387574
  },
  {
    "key": "Grand Marnier Rouge 70 cl.700.040.0",
    "storesList": null,
    "name": "Grand Marnier Rouge 70 cl.",
    "type": "Sprit",
    "subtype": "Likör",
    "volume": 700.0,
    "pricePerLitre": 399.9286,
    "alcohol": 40.0,
    "price": 279.95,
    "alcoholPerPrice": 0.10001785
  },
  {
    "key": "Merrys White Chocolate 70 Cl.7.017.0",
    "storesList": null,
    "name": "Merrys White Chocolate 70 Cl.",
    "type": "Sprit",
    "subtype": "Likör",
    "volume": 7.0,
    "pricePerLitre": 12135.714,
    "alcohol": 17.0,
    "price": 84.95,
    "alcoholPerPrice": 0.001400824
  },
  {
    "key": "Merrys Strawberry Cream 70 cl.700.017.0",
    "storesList": null,
    "name": "Merrys Strawberry Cream 70 cl.",
    "type": "Sprit",
    "subtype": "Likör",
    "volume": 700.0,
    "pricePerLitre": 121.35714,
    "alcohol": 17.0,
    "price": 84.95,
    "alcoholPerPrice": 0.1400824
  },
  {
    "key": "Amarula Cream 70 cl.700.017.0",
    "storesList": null,
    "name": "Amarula Cream 70 cl.",
    "type": "Sprit",
    "subtype": "Likör",
    "volume": 700.0,
    "pricePerLitre": 157.07143,
    "alcohol": 17.0,
    "price": 109.95,
    "alcoholPerPrice": 0.108231016
  },
  {
    "key": "Dooley’s 70 cl.70.017.0",
    "storesList": null,
    "name": "Dooley’s 70 cl.",
    "type": "Sprit",
    "subtype": "Likör",
    "volume": 70.0,
    "pricePerLitre": 1713.5714,
    "alcohol": 17.0,
    "price": 119.95,
    "alcoholPerPrice": 0.0099208
  },
  {
    "key": "Sourz Passion Fruit7.015.0",
    "storesList": null,
    "name": "Sourz Passion Fruit",
    "type": "Sprit",
    "subtype": "Likör",
    "volume": 7.0,
    "pricePerLitre": 12135.714,
    "alcohol": 15.0,
    "price": 84.95,
    "alcoholPerPrice": 0.0012360213
  },
  {
    "key": "Sourz 70 cl. Apple700.015.0",
    "storesList": null,
    "name": "Sourz 70 cl. Apple",
    "type": "Sprit",
    "subtype": "Likör",
    "volume": 700.0,
    "pricePerLitre": 121.35714,
    "alcohol": 15.0,
    "price": 84.95,
    "alcoholPerPrice": 0.12360212
  },
  {
    "key": "Sourz Raspberry 70 cl.7.015.0",
    "storesList": null,
    "name": "Sourz Raspberry 70 cl.",
    "type": "Sprit",
    "subtype": "Likör",
    "volume": 7.0,
    "pricePerLitre": 12135.714,
    "alcohol": 15.0,
    "price": 84.95,
    "alcoholPerPrice": 0.0012360213
  },
  {
    "key": "Sourz Blackcurrant 70 cl.7.015.0",
    "storesList": null,
    "name": "Sourz Blackcurrant 70 cl.",
    "type": "Sprit",
    "subtype": "Likör",
    "volume": 7.0,
    "pricePerLitre": 12135.714,
    "alcohol": 15.0,
    "price": 84.95,
    "alcoholPerPrice": 0.0012360213
  },
  {
    "key": "Sourz Mango700.015.0",
    "storesList": null,
    "name": "Sourz Mango",
    "type": "Sprit",
    "subtype": "Drinkmix",
    "volume": 700.0,
    "pricePerLitre": 99.98571,
    "alcohol": 15.0,
    "price": 69.99,
    "alcoholPerPrice": 0.15002143
  },
  {
    "key": "Bols Creme de Bananes 50 cl.500.017.0",
    "storesList": null,
    "name": "Bols Creme de Bananes 50 cl.",
    "type": "Sprit",
    "subtype": "Likör",
    "volume": 500.0,
    "pricePerLitre": 179.9,
    "alcohol": 17.0,
    "price": 89.95,
    "alcoholPerPrice": 0.09449694
  },
  {
    "key": "Bols Sea Buckthorne 50 cl.500.017.0",
    "storesList": null,
    "name": "Bols Sea Buckthorne 50 cl.",
    "type": "Sprit",
    "subtype": "Likör",
    "volume": 500.0,
    "pricePerLitre": 179.9,
    "alcohol": 17.0,
    "price": 89.95,
    "alcoholPerPrice": 0.09449694
  },
  {
    "key": "Bols Apricot Brandy 50 cl.500.024.0",
    "storesList": null,
    "name": "Bols Apricot Brandy 50 cl.",
    "type": "Sprit",
    "subtype": "Likör",
    "volume": 500.0,
    "pricePerLitre": 179.9,
    "alcohol": 24.0,
    "price": 89.95,
    "alcoholPerPrice": 0.13340746
  },
  {
    "key": "Bols Strawberry 50 cl.500.017.0",
    "storesList": null,
    "name": "Bols Strawberry 50 cl.",
    "type": "Sprit",
    "subtype": "Likör",
    "volume": 500.0,
    "pricePerLitre": 179.9,
    "alcohol": 17.0,
    "price": 89.95,
    "alcoholPerPrice": 0.09449694
  },
  {
    "key": "Bols Creme de Cacao Brown 50 cl.500.024.0",
    "storesList": null,
    "name": "Bols Creme de Cacao Brown 50 cl.",
    "type": "Sprit",
    "subtype": "Likör",
    "volume": 500.0,
    "pricePerLitre": 179.9,
    "alcohol": 24.0,
    "price": 89.95,
    "alcoholPerPrice": 0.13340746
  },
  {
    "key": "Bols Creme de Cacao White 50 cl.500.024.0",
    "storesList": null,
    "name": "Bols Creme de Cacao White 50 cl.",
    "type": "Sprit",
    "subtype": "Likör",
    "volume": 500.0,
    "pricePerLitre": 179.9,
    "alcohol": 24.0,
    "price": 89.95,
    "alcoholPerPrice": 0.13340746
  },
  {
    "key": "Tia Maria Kaffelikör700.020.0",
    "storesList": null,
    "name": "Tia Maria Kaffelikör",
    "type": "Sprit",
    "subtype": "Likör",
    "volume": 700.0,
    "pricePerLitre": 199.92857,
    "alcohol": 20.0,
    "price": 139.95,
    "alcoholPerPrice": 0.10003573
  },
  {
    "key": "Giffard Caramel Toffee Likör700.018.0",
    "storesList": null,
    "name": "Giffard Caramel Toffee Likör",
    "type": "Sprit",
    "subtype": "Likör",
    "volume": 700.0,
    "pricePerLitre": 199.92857,
    "alcohol": 18.0,
    "price": 139.95,
    "alcoholPerPrice": 0.09003215
  },
  {
    "key": "Kahlúa 70 cl.700.020.0",
    "storesList": null,
    "name": "Kahlúa 70 cl.",
    "type": "Sprit",
    "subtype": "Likör",
    "volume": 700.0,
    "pricePerLitre": 207.07143,
    "alcohol": 20.0,
    "price": 144.95,
    "alcoholPerPrice": 0.09658503
  },
  {
    "key": "Galatti Amaretto700.021.5",
    "storesList": null,
    "name": "Galatti Amaretto",
    "type": "Sprit",
    "subtype": "Likör",
    "volume": 700.0,
    "pricePerLitre": 114.21429,
    "alcohol": 21.5,
    "price": 79.95,
    "alcoholPerPrice": 0.18824264
  },
  {
    "key": "Amaretto Disaronno 70 cl.700.028.0",
    "storesList": null,
    "name": "Amaretto Disaronno 70 cl.",
    "type": "Sprit",
    "subtype": "Likör",
    "volume": 700.0,
    "pricePerLitre": 228.5,
    "alcohol": 28.0,
    "price": 159.95,
    "alcoholPerPrice": 0.12253829
  },
  {
    "key": "Bols Creme de Menthe 50 cl.500.024.0",
    "storesList": null,
    "name": "Bols Creme de Menthe 50 cl.",
    "type": "Sprit",
    "subtype": "Likör",
    "volume": 500.0,
    "pricePerLitre": 179.9,
    "alcohol": 24.0,
    "price": 89.95,
    "alcoholPerPrice": 0.13340746
  },
  {
    "key": "Bols Honey 50 cl.500.017.5",
    "storesList": null,
    "name": "Bols Honey 50 cl.",
    "type": "Sprit",
    "subtype": "Likör",
    "volume": 500.0,
    "pricePerLitre": 179.9,
    "alcohol": 17.5,
    "price": 89.95,
    "alcoholPerPrice": 0.09727627
  },
  {
    "key": "Galliano 35 cl. inkl. 2 glas3.530.0",
    "storesList": null,
    "name": "Galliano 35 cl. inkl. 2 glas",
    "type": "Sprit",
    "subtype": "Likör",
    "volume": 3.5,
    "pricePerLitre": 25700.0,
    "alcohol": 30.0,
    "price": 89.95,
    "alcoholPerPrice": 0.0011673152
  },
  {
    "key": "Antica Sambuca700.038.0",
    "storesList": null,
    "name": "Antica Sambuca",
    "type": "Sprit",
    "subtype": "Likör",
    "volume": 700.0,
    "pricePerLitre": 185.64285,
    "alcohol": 38.0,
    "price": 129.95,
    "alcoholPerPrice": 0.20469412
  },
  {
    "key": "Likör 437.031.0",
    "storesList": null,
    "name": "Likör 43",
    "type": "Sprit",
    "subtype": "Likör",
    "volume": 7.0,
    "pricePerLitre": 24992.857,
    "alcohol": 31.0,
    "price": 174.95,
    "alcoholPerPrice": 0.0012403544
  },
  {
    "key": "Molinari Sambuca Extra 70 cl.700.040.0",
    "storesList": null,
    "name": "Molinari Sambuca Extra 70 cl.",
    "type": "Sprit",
    "subtype": "Likör",
    "volume": 700.0,
    "pricePerLitre": 257.07144,
    "alcohol": 40.0,
    "price": 179.95,
    "alcoholPerPrice": 0.15559877
  },
  {
    "key": "Strega Liquore 70 cl.7.040.0",
    "storesList": null,
    "name": "Strega Liquore 70 cl.",
    "type": "Sprit",
    "subtype": "Likör",
    "volume": 7.0,
    "pricePerLitre": 31421.43,
    "alcohol": 40.0,
    "price": 219.95,
    "alcoholPerPrice": 0.0012730166
  },
  {
    "key": "Southern Comfort 70 cl.700.035.0",
    "storesList": null,
    "name": "Southern Comfort 70 cl.",
    "type": "Sprit",
    "subtype": "Likör",
    "volume": 700.0,
    "pricePerLitre": 235.64285,
    "alcohol": 35.0,
    "price": 164.95,
    "alcoholPerPrice": 0.14852986
  },
  {
    "key": "Fireball Whisky & Cinnamon 1 Liter1000.033.0",
    "storesList": null,
    "name": "Fireball Whisky & Cinnamon 1 Liter",
    "type": "Sprit",
    "subtype": "Likör",
    "volume": 1000.0,
    "pricePerLitre": 189.95,
    "alcohol": 33.0,
    "price": 189.95,
    "alcoholPerPrice": 0.17372993
  },
  {
    "key": "Brugal Añejo700.038.0",
    "storesList": null,
    "name": "Brugal Añejo",
    "type": "Sprit",
    "subtype": "Rom",
    "volume": 700.0,
    "pricePerLitre": 171.35715,
    "alcohol": 38.0,
    "price": 119.95,
    "alcoholPerPrice": 0.22175907
  },
  {
    "key": "Havana Club Añejo Especial700.040.0",
    "storesList": null,
    "name": "Havana Club Añejo Especial",
    "type": "Sprit",
    "subtype": "Rom",
    "volume": 700.0,
    "pricePerLitre": 228.5,
    "alcohol": 40.0,
    "price": 159.95,
    "alcoholPerPrice": 0.1750547
  },
  {
    "key": "Cartavio 5 years old750.040.0",
    "storesList": null,
    "name": "Cartavio 5 years old",
    "type": "Sprit",
    "subtype": "Rom",
    "volume": 750.0,
    "pricePerLitre": 226.6,
    "alcohol": 40.0,
    "price": 169.95,
    "alcoholPerPrice": 0.17652251
  },
  {
    "key": "Hansen Golden Rum 100 cl.1000.037.5",
    "storesList": null,
    "name": "Hansen Golden Rum 100 cl.",
    "type": "Sprit",
    "subtype": "Rom",
    "volume": 1000.0,
    "pricePerLitre": 179.95,
    "alcohol": 37.5,
    "price": 179.95,
    "alcoholPerPrice": 0.20839122
  },
  {
    "key": "El Dorado, 8 Years Old700.040.0",
    "storesList": null,
    "name": "El Dorado, 8 Years Old",
    "type": "Sprit",
    "subtype": "Rom",
    "volume": 700.0,
    "pricePerLitre": 271.35715,
    "alcohol": 40.0,
    "price": 189.95,
    "alcoholPerPrice": 0.1474072
  },
  {
    "key": "Noble Selected Trinidad700.043.0",
    "storesList": null,
    "name": "Noble Selected Trinidad",
    "type": "Sprit",
    "subtype": "Rom",
    "volume": 700.0,
    "pricePerLitre": 285.64285,
    "alcohol": 43.0,
    "price": 199.95,
    "alcoholPerPrice": 0.15053764
  },
  {
    "key": "Ron Barceló, Gran Añejo1000.037.5",
    "storesList": null,
    "name": "Ron Barceló, Gran Añejo",
    "type": "Sprit",
    "subtype": "Rom",
    "volume": 1000.0,
    "pricePerLitre": 229.95,
    "alcohol": 37.5,
    "price": 229.95,
    "alcoholPerPrice": 0.16307893
  },
  {
    "key": "Ron de Jeremy Reserva700.040.0",
    "storesList": null,
    "name": "Ron de Jeremy Reserva",
    "type": "Sprit",
    "subtype": "Rom",
    "volume": 700.0,
    "pricePerLitre": 342.7857,
    "alcohol": 40.0,
    "price": 239.95,
    "alcoholPerPrice": 0.11669098
  },
  {
    "key": "Pink Pirate Raspberry700.030.0",
    "storesList": null,
    "name": "Pink Pirate Raspberry",
    "type": "Sprit",
    "subtype": "Rom",
    "volume": 700.0,
    "pricePerLitre": 157.07143,
    "alcohol": 30.0,
    "price": 109.95,
    "alcoholPerPrice": 0.19099592
  },
  {
    "key": "Stroh Fire500.020.0",
    "storesList": null,
    "name": "Stroh Fire",
    "type": "Sprit",
    "subtype": "Rom",
    "volume": 500.0,
    "pricePerLitre": 219.9,
    "alcohol": 20.0,
    "price": 109.95,
    "alcoholPerPrice": 0.09095044
  },
  {
    "key": "Bacardi Oakheart750.035.0",
    "storesList": null,
    "name": "Bacardi Oakheart",
    "type": "Sprit",
    "subtype": "Rom",
    "volume": 750.0,
    "pricePerLitre": 186.6,
    "alcohol": 35.0,
    "price": 139.95,
    "alcoholPerPrice": 0.18756698
  },
  {
    "key": "Bacardi Razz 70 cl.700.032.0",
    "storesList": null,
    "name": "Bacardi Razz 70 cl.",
    "type": "Sprit",
    "subtype": "Rom",
    "volume": 700.0,
    "pricePerLitre": 199.92857,
    "alcohol": 32.0,
    "price": 139.95,
    "alcoholPerPrice": 0.16005716
  },
  {
    "key": "Ron de Jeremy Spiced, Smooth & Spicy700.038.0",
    "storesList": null,
    "name": "Ron de Jeremy Spiced, Smooth & Spicy",
    "type": "Sprit",
    "subtype": "Rom",
    "volume": 700.0,
    "pricePerLitre": 257.07144,
    "alcohol": 38.0,
    "price": 179.95,
    "alcoholPerPrice": 0.14781883
  },
  {
    "key": "The Kraken Spiced Rum700.040.0",
    "storesList": null,
    "name": "The Kraken Spiced Rum",
    "type": "Sprit",
    "subtype": "Rom",
    "volume": 700.0,
    "pricePerLitre": 285.64285,
    "alcohol": 40.0,
    "price": 199.95,
    "alcoholPerPrice": 0.14003502
  },
  {
    "key": "Ron de Jeremy Spiced, Hardcore Edition700.047.0",
    "storesList": null,
    "name": "Ron de Jeremy Spiced, Hardcore Edition",
    "type": "Sprit",
    "subtype": "Rom",
    "volume": 700.0,
    "pricePerLitre": 342.7857,
    "alcohol": 47.0,
    "price": 239.95,
    "alcoholPerPrice": 0.1371119
  },
  {
    "key": "Brugal Especial Blanco700.038.0",
    "storesList": null,
    "name": "Brugal Especial Blanco",
    "type": "Sprit",
    "subtype": "Rom",
    "volume": 700.0,
    "pricePerLitre": 171.35715,
    "alcohol": 38.0,
    "price": 119.95,
    "alcoholPerPrice": 0.22175907
  },
  {
    "key": "Captain Morgan White Rum700.037.5",
    "storesList": null,
    "name": "Captain Morgan White Rum",
    "type": "Sprit",
    "subtype": "Rom",
    "volume": 700.0,
    "pricePerLitre": 199.92857,
    "alcohol": 37.5,
    "price": 139.95,
    "alcoholPerPrice": 0.18756698
  },
  {
    "key": "Cachaca Pitú700.040.0",
    "storesList": null,
    "name": "Cachaca Pitú",
    "type": "Sprit",
    "subtype": "Rom",
    "volume": 700.0,
    "pricePerLitre": 221.35715,
    "alcohol": 40.0,
    "price": 154.95,
    "alcoholPerPrice": 0.18070345
  },
  {
    "key": "Havana Club Añejo Blanco700.037.5",
    "storesList": null,
    "name": "Havana Club Añejo Blanco",
    "type": "Sprit",
    "subtype": "Rom",
    "volume": 700.0,
    "pricePerLitre": 228.5,
    "alcohol": 37.5,
    "price": 159.95,
    "alcoholPerPrice": 0.16411379
  },
  {
    "key": "Sauza Tequila Blanco 70 cl.700.038.0",
    "storesList": null,
    "name": "Sauza Tequila Blanco 70 cl.",
    "type": "Sprit",
    "subtype": "Tequila",
    "volume": 700.0,
    "pricePerLitre": 221.35715,
    "alcohol": 38.0,
    "price": 154.95,
    "alcoholPerPrice": 0.17166828
  },
  {
    "key": "Sauza Tequila Gold 70 cl.700.038.0",
    "storesList": null,
    "name": "Sauza Tequila Gold 70 cl.",
    "type": "Sprit",
    "subtype": "Tequila",
    "volume": 700.0,
    "pricePerLitre": 235.64285,
    "alcohol": 38.0,
    "price": 164.95,
    "alcoholPerPrice": 0.16126099
  },
  {
    "key": "Sauza Tequila Hornitos 70 cl.7.038.0",
    "storesList": null,
    "name": "Sauza Tequila Hornitos 70 cl.",
    "type": "Sprit",
    "subtype": "Tequila",
    "volume": 7.0,
    "pricePerLitre": 34278.57,
    "alcohol": 38.0,
    "price": 239.95,
    "alcoholPerPrice": 0.0011085643
  },
  {
    "key": "Tres Generaciones Añejo700.038.0",
    "storesList": null,
    "name": "Tres Generaciones Añejo",
    "type": "Sprit",
    "subtype": "Tequila",
    "volume": 700.0,
    "pricePerLitre": 571.3572,
    "alcohol": 38.0,
    "price": 399.95,
    "alcoholPerPrice": 0.06650831
  },
  {
    "key": "Små søde1000.016.4",
    "storesList": null,
    "name": "Små søde",
    "type": "Sprit",
    "subtype": "Vodka",
    "volume": 1000.0,
    "pricePerLitre": 109.95,
    "alcohol": 16.4,
    "price": 109.95,
    "alcoholPerPrice": 0.14915872
  },
  {
    "key": "Fish vodka shot700.030.0",
    "storesList": null,
    "name": "Fish vodka shot",
    "type": "Sprit",
    "subtype": "Vodka",
    "volume": 700.0,
    "pricePerLitre": 157.07143,
    "alcohol": 30.0,
    "price": 109.95,
    "alcoholPerPrice": 0.19099592
  },
  {
    "key": "Små gule shot1000.016.4",
    "storesList": null,
    "name": "Små gule shot",
    "type": "Sprit",
    "subtype": "Vodka",
    "volume": 1000.0,
    "pricePerLitre": 109.95,
    "alcohol": 16.4,
    "price": 109.95,
    "alcoholPerPrice": 0.14915872
  },
  {
    "key": "Små sure cola1000.016.4",
    "storesList": null,
    "name": "Små sure cola",
    "type": "Sprit",
    "subtype": "Vodka",
    "volume": 1000.0,
    "pricePerLitre": 109.95,
    "alcohol": 16.4,
    "price": 109.95,
    "alcoholPerPrice": 0.14915872
  },
  {
    "key": "Små sure jordbær1000.016.4",
    "storesList": null,
    "name": "Små sure jordbær",
    "type": "Sprit",
    "subtype": "Vodka",
    "volume": 1000.0,
    "pricePerLitre": 109.95,
    "alcohol": 16.4,
    "price": 109.95,
    "alcoholPerPrice": 0.14915872
  },
  {
    "key": "Små Sure melon1000.016.4",
    "storesList": null,
    "name": "Små Sure melon",
    "type": "Sprit",
    "subtype": "Vodka",
    "volume": 1000.0,
    "pricePerLitre": 109.95,
    "alcohol": 16.4,
    "price": 109.95,
    "alcoholPerPrice": 0.14915872
  },
  {
    "key": "Gajol ananas700.030.0",
    "storesList": null,
    "name": "Gajol ananas",
    "type": "Sprit",
    "subtype": "Vodka",
    "volume": 700.0,
    "pricePerLitre": 171.35715,
    "alcohol": 30.0,
    "price": 119.95,
    "alcoholPerPrice": 0.17507294
  },
  {
    "key": "Gajol blåbær700.030.0",
    "storesList": null,
    "name": "Gajol blåbær",
    "type": "Sprit",
    "subtype": "Vodka",
    "volume": 700.0,
    "pricePerLitre": 171.35715,
    "alcohol": 30.0,
    "price": 119.95,
    "alcoholPerPrice": 0.17507294
  },
  {
    "key": "Jameson Whisky 100cl.1000.040.0",
    "storesList": null,
    "name": "Jameson Whisky 100cl.",
    "type": "Sprit",
    "subtype": "Whisky",
    "volume": 1000.0,
    "pricePerLitre": 219.95,
    "alcohol": 40.0,
    "price": 219.95,
    "alcoholPerPrice": 0.18185952
  },
  {
    "key": "Teeling Single Grain Whiskey750.046.0",
    "storesList": null,
    "name": "Teeling Single Grain Whiskey",
    "type": "Sprit",
    "subtype": "Whisky",
    "volume": 750.0,
    "pricePerLitre": 413.2667,
    "alcohol": 46.0,
    "price": 309.95,
    "alcoholPerPrice": 0.11130827
  },
  {
    "key": "Teeling Single Malt Whiskey700.046.0",
    "storesList": null,
    "name": "Teeling Single Malt Whiskey",
    "type": "Sprit",
    "subtype": "Whisky",
    "volume": 700.0,
    "pricePerLitre": 499.9286,
    "alcohol": 46.0,
    "price": 349.95,
    "alcoholPerPrice": 0.09201314
  },
  {
    "key": "The Whistler Whiskey, aged 7 years700.059.0",
    "storesList": null,
    "name": "The Whistler Whiskey, aged 7 years",
    "type": "Sprit",
    "subtype": "Whisky",
    "volume": 700.0,
    "pricePerLitre": 785.6429,
    "alcohol": 59.0,
    "price": 549.95,
    "alcoholPerPrice": 0.07509773
  },
  {
    "key": "The Chita whisky700.043.0",
    "storesList": null,
    "name": "The Chita whisky",
    "type": "Sprit",
    "subtype": "Whisky",
    "volume": 700.0,
    "pricePerLitre": 785.6429,
    "alcohol": 43.0,
    "price": 549.95,
    "alcoholPerPrice": 0.05473225
  },
  {
    "key": "Nikka Premium Blended 12 years old700.043.0",
    "storesList": null,
    "name": "Nikka Premium Blended 12 years old",
    "type": "Sprit",
    "subtype": "Whisky",
    "volume": 700.0,
    "pricePerLitre": 1142.7858,
    "alcohol": 43.0,
    "price": 799.95,
    "alcoholPerPrice": 0.03762735
  },
  {
    "key": "Black Velvet1000.040.0",
    "storesList": null,
    "name": "Black Velvet",
    "type": "Sprit",
    "subtype": "Whisky",
    "volume": 1000.0,
    "pricePerLitre": 159.95,
    "alcohol": 40.0,
    "price": 159.95,
    "alcoholPerPrice": 0.25007814
  },
  {
    "key": "Canadian Club1000.040.0",
    "storesList": null,
    "name": "Canadian Club",
    "type": "Sprit",
    "subtype": "Whisky",
    "volume": 1000.0,
    "pricePerLitre": 189.95,
    "alcohol": 40.0,
    "price": 189.95,
    "alcoholPerPrice": 0.21058173
  },
  {
    "key": "Famous Grouse toasted cask1000.040.0",
    "storesList": null,
    "name": "Famous Grouse toasted cask",
    "type": "Sprit",
    "subtype": "Whisky",
    "volume": 1000.0,
    "pricePerLitre": 209.95,
    "alcohol": 40.0,
    "price": 209.95,
    "alcoholPerPrice": 0.19052155
  },
  {
    "key": "Ballantine’s Miltonduff 15Y700.040.0",
    "storesList": null,
    "name": "Ballantine’s Miltonduff 15Y",
    "type": "Sprit",
    "subtype": "Whisky",
    "volume": 700.0,
    "pricePerLitre": 342.7857,
    "alcohol": 40.0,
    "price": 239.95,
    "alcoholPerPrice": 0.11669098
  },
  {
    "key": "The Glenburgie aged 15 years700.040.0",
    "storesList": null,
    "name": "The Glenburgie aged 15 years",
    "type": "Sprit",
    "subtype": "Whisky",
    "volume": 700.0,
    "pricePerLitre": 342.7857,
    "alcohol": 40.0,
    "price": 239.95,
    "alcoholPerPrice": 0.11669098
  },
  {
    "key": "The Glenlivet Founder’s Reserve700.040.0",
    "storesList": null,
    "name": "The Glenlivet Founder’s Reserve",
    "type": "Sprit",
    "subtype": "Whisky",
    "volume": 700.0,
    "pricePerLitre": 357.07144,
    "alcohol": 40.0,
    "price": 249.95,
    "alcoholPerPrice": 0.1120224
  },
  {
    "key": "Cragganmore 12 years old700.040.0",
    "storesList": null,
    "name": "Cragganmore 12 years old",
    "type": "Sprit",
    "subtype": "Whisky",
    "volume": 700.0,
    "pricePerLitre": 399.9286,
    "alcohol": 40.0,
    "price": 279.95,
    "alcoholPerPrice": 0.10001785
  },
  {
    "key": "Talisker aged 10 years700.045.8",
    "storesList": null,
    "name": "Talisker aged 10 years",
    "type": "Sprit",
    "subtype": "Whisky",
    "volume": 700.0,
    "pricePerLitre": 399.9286,
    "alcohol": 45.8,
    "price": 279.95,
    "alcoholPerPrice": 0.114520445
  },
  {
    "key": "Glendronach 8 years old The Hielan700.046.0",
    "storesList": null,
    "name": "Glendronach 8 years old The Hielan",
    "type": "Sprit",
    "subtype": "Whisky",
    "volume": 700.0,
    "pricePerLitre": 414.21432,
    "alcohol": 46.0,
    "price": 289.95,
    "alcoholPerPrice": 0.111053616
  },
  {
    "key": "Highland Park 10 YEAR OLD VIKING SCARS700.040.0",
    "storesList": null,
    "name": "Highland Park 10 YEAR OLD VIKING SCARS",
    "type": "Sprit",
    "subtype": "Whisky",
    "volume": 700.0,
    "pricePerLitre": 428.50003,
    "alcohol": 40.0,
    "price": 299.95,
    "alcoholPerPrice": 0.09334888
  },
  {
    "key": "High Commissioner Blended Whisky700.040.0",
    "storesList": null,
    "name": "High Commissioner Blended Whisky",
    "type": "Sprit",
    "subtype": "Whisky",
    "volume": 700.0,
    "pricePerLitre": 157.07143,
    "alcohol": 40.0,
    "price": 109.95,
    "alcoholPerPrice": 0.2546612
  },
  {
    "key": "Johnnie Walker Red Label700.040.0",
    "storesList": null,
    "name": "Johnnie Walker Red Label",
    "type": "Sprit",
    "subtype": "Whisky",
    "volume": 700.0,
    "pricePerLitre": 192.78572,
    "alcohol": 40.0,
    "price": 134.95,
    "alcoholPerPrice": 0.20748425
  },
  {
    "key": "Ballantine’s Finest700.040.0",
    "storesList": null,
    "name": "Ballantine’s Finest",
    "type": "Sprit",
    "subtype": "Whisky",
    "volume": 700.0,
    "pricePerLitre": 214.21428,
    "alcohol": 40.0,
    "price": 149.95,
    "alcoholPerPrice": 0.18672891
  },
  {
    "key": "Lauders Whisky 1 Liter1000.040.0",
    "storesList": null,
    "name": "Lauders Whisky 1 Liter",
    "type": "Sprit",
    "subtype": "Whisky",
    "volume": 1000.0,
    "pricePerLitre": 169.95,
    "alcohol": 40.0,
    "price": 169.95,
    "alcoholPerPrice": 0.23536335
  },
  {
    "key": "Famous Grouse bourbon cask1000.040.0",
    "storesList": null,
    "name": "Famous Grouse bourbon cask",
    "type": "Sprit",
    "subtype": "Whisky",
    "volume": 1000.0,
    "pricePerLitre": 209.95,
    "alcohol": 40.0,
    "price": 209.95,
    "alcoholPerPrice": 0.19052155
  },
  {
    "key": "Mackmyra Preludium 05, 500 ml500.048.4",
    "storesList": null,
    "name": "Mackmyra Preludium 05, 500 ml",
    "type": "Sprit",
    "subtype": "Whisky",
    "volume": 500.0,
    "pricePerLitre": 1999.9,
    "alcohol": 48.4,
    "price": 999.95,
    "alcoholPerPrice": 0.02420121
  },
  {
    "key": "Jim Beam Red Stag700.040.0",
    "storesList": null,
    "name": "Jim Beam Red Stag",
    "type": "Sprit",
    "subtype": "Whisky",
    "volume": 700.0,
    "pricePerLitre": 228.5,
    "alcohol": 40.0,
    "price": 159.95,
    "alcoholPerPrice": 0.1750547
  },
  {
    "key": "Jim Beam Rye700.040.0",
    "storesList": null,
    "name": "Jim Beam Rye",
    "type": "Sprit",
    "subtype": "Whisky",
    "volume": 700.0,
    "pricePerLitre": 228.5,
    "alcohol": 40.0,
    "price": 159.95,
    "alcoholPerPrice": 0.1750547
  },
  {
    "key": "Jim Beam Honey700.035.0",
    "storesList": null,
    "name": "Jim Beam Honey",
    "type": "Sprit",
    "subtype": "Whisky",
    "volume": 700.0,
    "pricePerLitre": 185.70001,
    "alcohol": 35.0,
    "price": 129.99,
    "alcoholPerPrice": 0.18847603
  },
  {
    "key": "Georgia Moon Corn Whiskey, 75 cl.750.040.0",
    "storesList": null,
    "name": "Georgia Moon Corn Whiskey, 75 cl.",
    "type": "Sprit",
    "subtype": "Whisky",
    "volume": 750.0,
    "pricePerLitre": 239.93333,
    "alcohol": 40.0,
    "price": 179.95,
    "alcoholPerPrice": 0.16671297
  },
  {
    "key": "Georgia Moon Peach700.035.0",
    "storesList": null,
    "name": "Georgia Moon Peach",
    "type": "Sprit",
    "subtype": "Whisky",
    "volume": 700.0,
    "pricePerLitre": 257.07144,
    "alcohol": 35.0,
    "price": 179.95,
    "alcoholPerPrice": 0.13614893
  },
  {
    "key": "Jim Beam White 1 Liter1000.040.0",
    "storesList": null,
    "name": "Jim Beam White 1 Liter",
    "type": "Sprit",
    "subtype": "Whisky",
    "volume": 1000.0,
    "pricePerLitre": 179.95,
    "alcohol": 40.0,
    "price": 179.95,
    "alcoholPerPrice": 0.22228397
  },
  {
    "key": "Jack Daniel’s700.040.0",
    "storesList": null,
    "name": "Jack Daniel’s",
    "type": "Sprit",
    "subtype": "Whisky",
    "volume": 700.0,
    "pricePerLitre": 299.9286,
    "alcohol": 40.0,
    "price": 209.95,
    "alcoholPerPrice": 0.13336508
  },
  {
    "key": "Bulleit Bourbon700.040.0",
    "storesList": null,
    "name": "Bulleit Bourbon",
    "type": "Sprit",
    "subtype": "Whisky",
    "volume": 700.0,
    "pricePerLitre": 314.2143,
    "alcohol": 40.0,
    "price": 219.95,
    "alcoholPerPrice": 0.12730166
  },
  {
    "key": "Maker’s Mark700.045.0",
    "storesList": null,
    "name": "Maker’s Mark",
    "type": "Sprit",
    "subtype": "Whisky",
    "volume": 700.0,
    "pricePerLitre": 357.07144,
    "alcohol": 45.0,
    "price": 249.95,
    "alcoholPerPrice": 0.1260252
  },
  {
    "key": "Gentleman Jack, Tennessee Whiskey700.040.0",
    "storesList": null,
    "name": "Gentleman Jack, Tennessee Whiskey",
    "type": "Sprit",
    "subtype": "Whisky",
    "volume": 700.0,
    "pricePerLitre": 385.64288,
    "alcohol": 40.0,
    "price": 269.95,
    "alcoholPerPrice": 0.10372291
  },
  {
    "key": "Newcastle Brown Ale7920.04.7",
    "storesList": null,
    "name": "Newcastle Brown Ale",
    "type": "Öl",
    "subtype": "Ale",
    "volume": 7920.0,
    "pricePerLitre": 12.624999,
    "alcohol": 4.7,
    "price": 99.99,
    "alcoholPerPrice": 0.37227723
  },
  {
    "key": "Royal Brown Ale7920.04.6",
    "storesList": null,
    "name": "Royal Brown Ale",
    "type": "Öl",
    "subtype": "Ale",
    "volume": 7920.0,
    "pricePerLitre": 7.574495,
    "alcohol": 4.6,
    "price": 59.99,
    "alcoholPerPrice": 0.60730124
  },
  {
    "key": "Leffe Brune4500.06.5",
    "storesList": null,
    "name": "Leffe Brune",
    "type": "Öl",
    "subtype": "Special",
    "volume": 4500.0,
    "pricePerLitre": 28.886667,
    "alcohol": 6.5,
    "price": 129.99,
    "alcoholPerPrice": 0.22501731
  },
  {
    "key": "Grimbergen Double7920.06.5",
    "storesList": null,
    "name": "Grimbergen Double",
    "type": "Öl",
    "subtype": "Special",
    "volume": 7920.0,
    "pricePerLitre": 21.463383,
    "alcohol": 6.5,
    "price": 169.99,
    "alcoholPerPrice": 0.30284137
  },
  {
    "key": "Ale No. 167920.05.7",
    "storesList": null,
    "name": "Ale No. 16",
    "type": "Öl",
    "subtype": "Ale",
    "volume": 7920.0,
    "pricePerLitre": 10.099747,
    "alcohol": 5.7,
    "price": 79.99,
    "alcoholPerPrice": 0.5643706
  },
  {
    "key": "Grimbergen Blonde7920.06.7",
    "storesList": null,
    "name": "Grimbergen Blonde",
    "type": "Öl",
    "subtype": "Special",
    "volume": 7920.0,
    "pricePerLitre": 21.463383,
    "alcohol": 6.7,
    "price": 169.99,
    "alcoholPerPrice": 0.31215954
  },
  {
    "key": "Brewmasters India Pale Ale7920.05.2",
    "storesList": null,
    "name": "Brewmasters India Pale Ale",
    "type": "Öl",
    "subtype": "Ale",
    "volume": 7920.0,
    "pricePerLitre": 12.624999,
    "alcohol": 5.2,
    "price": 99.99,
    "alcoholPerPrice": 0.4118812
  },
  {
    "key": "Leffe Brune7920.06.5",
    "storesList": null,
    "name": "Leffe Brune",
    "type": "Öl",
    "subtype": "Special",
    "volume": 7920.0,
    "pricePerLitre": 20.200758,
    "alcohol": 6.5,
    "price": 159.99,
    "alcoholPerPrice": 0.3217701
  },
  {
    "key": "Grimbergen Double4500.06.5",
    "storesList": null,
    "name": "Grimbergen Double",
    "type": "Öl",
    "subtype": "Pilsner",
    "volume": 4500.0,
    "pricePerLitre": 28.886667,
    "alcohol": 6.5,
    "price": 129.99,
    "alcoholPerPrice": 0.22501731
  },
  {
    "key": "Leffe Blonde7920.06.6",
    "storesList": null,
    "name": "Leffe Blonde",
    "type": "Öl",
    "subtype": "Special",
    "volume": 7920.0,
    "pricePerLitre": 20.200758,
    "alcohol": 6.6,
    "price": 159.99,
    "alcoholPerPrice": 0.32672042
  },
  {
    "key": "Ale No 47920.05.5",
    "storesList": null,
    "name": "Ale No 4",
    "type": "Öl",
    "subtype": "Ale",
    "volume": 7920.0,
    "pricePerLitre": 10.099747,
    "alcohol": 5.5,
    "price": 79.99,
    "alcoholPerPrice": 0.5445681
  },
  {
    "key": "Jacobsen Brown Ale4500.06.0",
    "storesList": null,
    "name": "Jacobsen Brown Ale",
    "type": "Öl",
    "subtype": "Ale",
    "volume": 4500.0,
    "pricePerLitre": 28.886667,
    "alcohol": 6.0,
    "price": 129.99,
    "alcoholPerPrice": 0.20770828
  },
  {
    "key": "Leffe Blonde4500.06.6",
    "storesList": null,
    "name": "Leffe Blonde",
    "type": "Öl",
    "subtype": "Special",
    "volume": 4500.0,
    "pricePerLitre": 28.886667,
    "alcohol": 6.6,
    "price": 129.99,
    "alcoholPerPrice": 0.2284791
  },
  {
    "key": "Duvel330.08.5",
    "storesList": null,
    "name": "Duvel",
    "type": "Öl",
    "subtype": "Special",
    "volume": 330.0,
    "pricePerLitre": 45.42424,
    "alcohol": 8.5,
    "price": 14.99,
    "alcoholPerPrice": 0.18712476
  },
  {
    "key": "Kilkenny330.04.2",
    "storesList": null,
    "name": "Kilkenny",
    "type": "Öl",
    "subtype": "Ale",
    "volume": 330.0,
    "pricePerLitre": 30.272726,
    "alcohol": 4.2,
    "price": 9.99,
    "alcoholPerPrice": 0.13873874
  },
  {
    "key": "Slots Classic7920.04.6",
    "storesList": null,
    "name": "Slots Classic",
    "type": "Öl",
    "subtype": "Klassisk",
    "volume": 7920.0,
    "pricePerLitre": 6.3118687,
    "alcohol": 4.6,
    "price": 49.99,
    "alcoholPerPrice": 0.72878575
  },
  {
    "key": "Tuborg Classic7920.04.6",
    "storesList": null,
    "name": "Tuborg Classic",
    "type": "Öl",
    "subtype": "Klassisk",
    "volume": 7920.0,
    "pricePerLitre": 8.83712,
    "alcohol": 4.6,
    "price": 69.99,
    "alcoholPerPrice": 0.52053154
  },
  {
    "key": "Odense Classic7920.04.6",
    "storesList": null,
    "name": "Odense Classic",
    "type": "Öl",
    "subtype": "Klassisk",
    "volume": 7920.0,
    "pricePerLitre": 7.574495,
    "alcohol": 4.6,
    "price": 59.99,
    "alcoholPerPrice": 0.60730124
  },
  {
    "key": "Royal Classic7920.04.6",
    "storesList": null,
    "name": "Royal Classic",
    "type": "Öl",
    "subtype": "Klassisk",
    "volume": 7920.0,
    "pricePerLitre": 7.574495,
    "alcohol": 4.6,
    "price": 59.99,
    "alcoholPerPrice": 0.60730124
  },
  {
    "key": "Carls Special7920.04.4",
    "storesList": null,
    "name": "Carls Special",
    "type": "Öl",
    "subtype": "Klassisk",
    "volume": 7920.0,
    "pricePerLitre": 8.83712,
    "alcohol": 4.4,
    "price": 69.99,
    "alcoholPerPrice": 0.49789977
  },
  {
    "key": "Harboe Classic7920.04.6",
    "storesList": null,
    "name": "Harboe Classic",
    "type": "Öl",
    "subtype": "Klassisk",
    "volume": 7920.0,
    "pricePerLitre": 6.3118687,
    "alcohol": 4.6,
    "price": 49.99,
    "alcoholPerPrice": 0.72878575
  },
  {
    "key": "Vestfyen Classic7920.04.6",
    "storesList": null,
    "name": "Vestfyen Classic",
    "type": "Öl",
    "subtype": "Klassisk",
    "volume": 7920.0,
    "pricePerLitre": 6.3118687,
    "alcohol": 4.6,
    "price": 49.99,
    "alcoholPerPrice": 0.72878575
  },
  {
    "key": "Tuborg Gold7920.05.6",
    "storesList": null,
    "name": "Tuborg Gold",
    "type": "Öl",
    "subtype": "Guld",
    "volume": 7920.0,
    "pricePerLitre": 9.397727,
    "alcohol": 5.6,
    "price": 74.43,
    "alcoholPerPrice": 0.59588873
  },
  {
    "key": "Thor - Blå Thor 67920.06.0",
    "storesList": null,
    "name": "Thor - Blå Thor 6",
    "type": "Öl",
    "subtype": "Guld",
    "volume": 7920.0,
    "pricePerLitre": 7.574495,
    "alcohol": 6.0,
    "price": 59.99,
    "alcoholPerPrice": 0.792132
  },
  {
    "key": "Carlsberg Sort Guld7920.05.8",
    "storesList": null,
    "name": "Carlsberg Sort Guld",
    "type": "Öl",
    "subtype": "Guld",
    "volume": 7920.0,
    "pricePerLitre": 9.397727,
    "alcohol": 5.8,
    "price": 74.43,
    "alcoholPerPrice": 0.6171705
  },
  {
    "key": "Giraf Beer7920.05.6",
    "storesList": null,
    "name": "Giraf Beer",
    "type": "Öl",
    "subtype": "Guld",
    "volume": 7920.0,
    "pricePerLitre": 7.574495,
    "alcohol": 5.6,
    "price": 59.99,
    "alcoholPerPrice": 0.7393232
  },
  {
    "key": "Slots Guld7920.05.9",
    "storesList": null,
    "name": "Slots Guld",
    "type": "Öl",
    "subtype": "Guld",
    "volume": 7920.0,
    "pricePerLitre": 7.574495,
    "alcohol": 5.9,
    "price": 59.99,
    "alcoholPerPrice": 0.7789298
  },
  {
    "key": "Danish Gold Export7920.05.6",
    "storesList": null,
    "name": "Danish Gold Export",
    "type": "Öl",
    "subtype": "Guld",
    "volume": 7920.0,
    "pricePerLitre": 6.3118687,
    "alcohol": 5.6,
    "price": 49.99,
    "alcoholPerPrice": 0.8872174
  },
  {
    "key": "Harboe Gold7920.05.9",
    "storesList": null,
    "name": "Harboe Gold",
    "type": "Öl",
    "subtype": "Guld",
    "volume": 7920.0,
    "pricePerLitre": 6.3118687,
    "alcohol": 5.9,
    "price": 49.99,
    "alcoholPerPrice": 0.934747
  },
  {
    "key": "Viiking Strong Beer 127920.012.0",
    "storesList": null,
    "name": "Viiking Strong Beer 12",
    "type": "Öl",
    "subtype": "Guld",
    "volume": 7920.0,
    "pricePerLitre": 10.099747,
    "alcohol": 12.0,
    "price": 79.99,
    "alcoholPerPrice": 1.1881486
  },
  {
    "key": "Paulaner Weissbier12000.05.5",
    "storesList": null,
    "name": "Paulaner Weissbier",
    "type": "Öl",
    "subtype": "Veteöl",
    "volume": 12000.0,
    "pricePerLitre": 11.665834,
    "alcohol": 5.5,
    "price": 139.99,
    "alcoholPerPrice": 0.4714622
  },
  {
    "key": "Erdinger Weissbier12000.05.3",
    "storesList": null,
    "name": "Erdinger Weissbier",
    "type": "Öl",
    "subtype": "Veteöl",
    "volume": 12000.0,
    "pricePerLitre": 14.999167,
    "alcohol": 5.3,
    "price": 179.99,
    "alcoholPerPrice": 0.35335296
  },
  {
    "key": "Franziskaner Hefe Weissbier 512000.05.0",
    "storesList": null,
    "name": "Franziskaner Hefe Weissbier 5",
    "type": "Öl",
    "subtype": "Veteöl",
    "volume": 12000.0,
    "pricePerLitre": 11.665834,
    "alcohol": 5.0,
    "price": 139.99,
    "alcoholPerPrice": 0.428602
  },
  {
    "key": "Erdinger Weissbier6000.05.3",
    "storesList": null,
    "name": "Erdinger Weissbier",
    "type": "Öl",
    "subtype": "Veteöl",
    "volume": 6000.0,
    "pricePerLitre": 14.998333,
    "alcohol": 5.3,
    "price": 89.99,
    "alcoholPerPrice": 0.3533726
  },
  {
    "key": "Mecklenburger Weissbier12000.05.1",
    "storesList": null,
    "name": "Mecklenburger Weissbier",
    "type": "Öl",
    "subtype": "Veteöl",
    "volume": 12000.0,
    "pricePerLitre": 6.6658335,
    "alcohol": 5.1,
    "price": 79.99,
    "alcoholPerPrice": 0.7650956
  },
  {
    "key": "Mecklenburger Dunkles Weißbier12000.05.4",
    "storesList": null,
    "name": "Mecklenburger Dunkles Weißbier",
    "type": "Öl",
    "subtype": "Veteöl",
    "volume": 12000.0,
    "pricePerLitre": 6.6658335,
    "alcohol": 5.4,
    "price": 79.99,
    "alcoholPerPrice": 0.8101013
  },
  {
    "key": "Erdinger Dunkel6000.05.3",
    "storesList": null,
    "name": "Erdinger Dunkel",
    "type": "Öl",
    "subtype": "Veteöl",
    "volume": 6000.0,
    "pricePerLitre": 14.998333,
    "alcohol": 5.3,
    "price": 89.99,
    "alcoholPerPrice": 0.3533726
  },
  {
    "key": "Flensburger Dunkel330.04.8",
    "storesList": null,
    "name": "Flensburger Dunkel",
    "type": "Öl",
    "subtype": "Veteöl",
    "volume": 330.0,
    "pricePerLitre": 30.272726,
    "alcohol": 4.8,
    "price": 9.99,
    "alcoholPerPrice": 0.15855858
  },
  {
    "key": "Erdinger Weissbier500.05.3",
    "storesList": null,
    "name": "Erdinger Weissbier",
    "type": "Öl",
    "subtype": "Veteöl",
    "volume": 500.0,
    "pricePerLitre": 19.98,
    "alcohol": 5.3,
    "price": 9.99,
    "alcoholPerPrice": 0.2652653
  },
  {
    "key": "Paulaner Weissbier5000.05.5",
    "storesList": null,
    "name": "Paulaner Weissbier",
    "type": "Öl",
    "subtype": "Veteöl",
    "volume": 5000.0,
    "pricePerLitre": 16.998,
    "alcohol": 5.5,
    "price": 84.99,
    "alcoholPerPrice": 0.32356748
  },
  {
    "key": "Sol Flaske7920.04.5",
    "storesList": null,
    "name": "Sol Flaske",
    "type": "Öl",
    "subtype": "Lager",
    "volume": 7920.0,
    "pricePerLitre": 13.762626,
    "alcohol": 4.5,
    "price": 109.0,
    "alcoholPerPrice": 0.32697248
  },
  {
    "key": "San Miguel 57920.05.0",
    "storesList": null,
    "name": "San Miguel 5",
    "type": "Öl",
    "subtype": "Lager",
    "volume": 7920.0,
    "pricePerLitre": 12.624999,
    "alcohol": 5.0,
    "price": 99.99,
    "alcoholPerPrice": 0.39603963
  },
  {
    "key": "1795 Original Czech Lager Dark7920.04.5",
    "storesList": null,
    "name": "1795 Original Czech Lager Dark",
    "type": "Öl",
    "subtype": "Lager",
    "volume": 7920.0,
    "pricePerLitre": 11.362373,
    "alcohol": 4.5,
    "price": 89.99,
    "alcoholPerPrice": 0.39604402
  },
  {
    "key": "Köstritz Schwarzbier12000.04.8",
    "storesList": null,
    "name": "Köstritz Schwarzbier",
    "type": "Öl",
    "subtype": "Lager",
    "volume": 12000.0,
    "pricePerLitre": 11.665834,
    "alcohol": 4.8,
    "price": 139.99,
    "alcoholPerPrice": 0.41145793
  },
  {
    "key": "Lapin Kulta7920.05.2",
    "storesList": null,
    "name": "Lapin Kulta",
    "type": "Öl",
    "subtype": "Lager",
    "volume": 7920.0,
    "pricePerLitre": 10.099747,
    "alcohol": 5.2,
    "price": 79.99,
    "alcoholPerPrice": 0.5148644
  },
  {
    "key": "Faxe Extra Stron1000.010.0",
    "storesList": null,
    "name": "Faxe Extra Stron",
    "type": "Öl",
    "subtype": "Lager",
    "volume": 1000.0,
    "pricePerLitre": 14.99,
    "alcohol": 10.0,
    "price": 14.99,
    "alcoholPerPrice": 0.6671114
  },
  {
    "key": "Red Stripe7920.04.7",
    "storesList": null,
    "name": "Red Stripe",
    "type": "Öl",
    "subtype": "Lager",
    "volume": 7920.0,
    "pricePerLitre": 12.219696,
    "alcohol": 4.7,
    "price": 96.78,
    "alcoholPerPrice": 0.38462493
  },
  {
    "key": "Flensburger Gold330.04.8",
    "storesList": null,
    "name": "Flensburger Gold",
    "type": "Öl",
    "subtype": "Lager",
    "volume": 330.0,
    "pricePerLitre": 30.272726,
    "alcohol": 4.8,
    "price": 9.99,
    "alcoholPerPrice": 0.15855858
  },
  {
    "key": "Tuborg Pilsner7920.04.6",
    "storesList": null,
    "name": "Tuborg Pilsner",
    "type": "Öl",
    "subtype": "Pilsner",
    "volume": 7920.0,
    "pricePerLitre": 8.83712,
    "alcohol": 4.6,
    "price": 69.99,
    "alcoholPerPrice": 0.52053154
  },
  {
    "key": "Royal Export7920.05.8",
    "storesList": null,
    "name": "Royal Export",
    "type": "Öl",
    "subtype": "Pilsner",
    "volume": 7920.0,
    "pricePerLitre": 7.574495,
    "alcohol": 5.8,
    "price": 59.99,
    "alcoholPerPrice": 0.76572764
  },
  {
    "key": "Carlsberg7920.04.6",
    "storesList": null,
    "name": "Carlsberg",
    "type": "Öl",
    "subtype": "Pilsner",
    "volume": 7920.0,
    "pricePerLitre": 8.83712,
    "alcohol": 4.6,
    "price": 69.99,
    "alcoholPerPrice": 0.52053154
  },
  {
    "key": "Odense Pilsner7920.04.6",
    "storesList": null,
    "name": "Odense Pilsner",
    "type": "Öl",
    "subtype": "Pilsner",
    "volume": 7920.0,
    "pricePerLitre": 7.574495,
    "alcohol": 4.6,
    "price": 59.99,
    "alcoholPerPrice": 0.60730124
  },
  {
    "key": "Carlsberg Nordic7920.00.5",
    "storesList": null,
    "name": "Carlsberg Nordic",
    "type": "Öl",
    "subtype": "Pilsner",
    "volume": 7920.0,
    "pricePerLitre": 9.819444,
    "alcohol": 0.5,
    "price": 77.77,
    "alcoholPerPrice": 0.05091938
  },
  {
    "key": "Heineken Flaske 57920.05.0",
    "storesList": null,
    "name": "Heineken Flaske 5",
    "type": "Öl",
    "subtype": "Pilsner",
    "volume": 7920.0,
    "pricePerLitre": 12.624999,
    "alcohol": 5.0,
    "price": 99.99,
    "alcoholPerPrice": 0.39603963
  },
  {
    "key": "Slots Pilsner7920.04.6",
    "storesList": null,
    "name": "Slots Pilsner",
    "type": "Öl",
    "subtype": "Pilsner",
    "volume": 7920.0,
    "pricePerLitre": 6.3118687,
    "alcohol": 4.6,
    "price": 49.99,
    "alcoholPerPrice": 0.72878575
  },
  {
    "key": "Heineken 57920.05.0",
    "storesList": null,
    "name": "Heineken 5",
    "type": "Öl",
    "subtype": "Pilsner",
    "volume": 7920.0,
    "pricePerLitre": 11.222221,
    "alcohol": 5.0,
    "price": 88.88,
    "alcoholPerPrice": 0.4455446
  },
  {
    "key": "Royal Pilsner7920.04.6",
    "storesList": null,
    "name": "Royal Pilsner",
    "type": "Öl",
    "subtype": "Pilsner",
    "volume": 7920.0,
    "pricePerLitre": 7.574495,
    "alcohol": 4.6,
    "price": 59.99,
    "alcoholPerPrice": 0.60730124
  },
  {
    "key": "Tuborg Rå Økologisk7920.04.5",
    "storesList": null,
    "name": "Tuborg Rå Økologisk",
    "type": "Öl",
    "subtype": "Pilsner",
    "volume": 7920.0,
    "pricePerLitre": 10.099747,
    "alcohol": 4.5,
    "price": 79.99,
    "alcoholPerPrice": 0.44555572
  },
  {
    "key": "Faxe Premium7920.04.6",
    "storesList": null,
    "name": "Faxe Premium",
    "type": "Öl",
    "subtype": "Pilsner",
    "volume": 7920.0,
    "pricePerLitre": 7.574495,
    "alcohol": 4.6,
    "price": 59.99,
    "alcoholPerPrice": 0.60730124
  },
  {
    "key": "Harboe Pilsner7920.04.6",
    "storesList": null,
    "name": "Harboe Pilsner",
    "type": "Öl",
    "subtype": "Pilsner",
    "volume": 7920.0,
    "pricePerLitre": 6.3118687,
    "alcohol": 4.6,
    "price": 49.99,
    "alcoholPerPrice": 0.72878575
  },
  {
    "key": "Pilsner Urquell12000.04.4",
    "storesList": null,
    "name": "Pilsner Urquell",
    "type": "Öl",
    "subtype": "Pilsner",
    "volume": 12000.0,
    "pricePerLitre": 11.665834,
    "alcohol": 4.4,
    "price": 139.99,
    "alcoholPerPrice": 0.37716976
  },
  {
    "key": "Staropramen 57920.05.0",
    "storesList": null,
    "name": "Staropramen 5",
    "type": "Öl",
    "subtype": "Pilsner",
    "volume": 7920.0,
    "pricePerLitre": 12.624999,
    "alcohol": 5.0,
    "price": 99.99,
    "alcoholPerPrice": 0.39603963
  },
  {
    "key": "Budweiser Budvar 57920.05.0",
    "storesList": null,
    "name": "Budweiser Budvar 5",
    "type": "Öl",
    "subtype": "Pilsner",
    "volume": 7920.0,
    "pricePerLitre": 13.887626,
    "alcohol": 5.0,
    "price": 109.99,
    "alcoholPerPrice": 0.36003274
  },
  {
    "key": "Grimbergen Blonde4500.06.7",
    "storesList": null,
    "name": "Grimbergen Blonde",
    "type": "Öl",
    "subtype": "Pilsner",
    "volume": 4500.0,
    "pricePerLitre": 28.886667,
    "alcohol": 6.7,
    "price": 129.99,
    "alcoholPerPrice": 0.23194091
  },
  {
    "key": "Corona øl355.04.5",
    "storesList": null,
    "name": "Corona øl",
    "type": "Öl",
    "subtype": "Pilsner",
    "volume": 355.0,
    "pricePerLitre": 56.30986,
    "alcohol": 4.5,
    "price": 19.99,
    "alcoholPerPrice": 0.07991496
  },
  {
    "key": "Vestfyen Pilsner7920.04.6",
    "storesList": null,
    "name": "Vestfyen Pilsner",
    "type": "Öl",
    "subtype": "Pilsner",
    "volume": 7920.0,
    "pricePerLitre": 6.3118687,
    "alcohol": 4.6,
    "price": 49.99,
    "alcoholPerPrice": 0.72878575
  },
  {
    "key": "Warsteiner7920.04.8",
    "storesList": null,
    "name": "Warsteiner",
    "type": "Öl",
    "subtype": "Pilsner",
    "volume": 7920.0,
    "pricePerLitre": 11.362373,
    "alcohol": 4.8,
    "price": 89.99,
    "alcoholPerPrice": 0.42244697
  },
  {
    "key": "Budweiser Budv5000.05.0",
    "storesList": null,
    "name": "Budweiser Budv",
    "type": "Öl",
    "subtype": "Pilsner",
    "volume": 5000.0,
    "pricePerLitre": 16.998,
    "alcohol": 5.0,
    "price": 84.99,
    "alcoholPerPrice": 0.29415226
  },
  {
    "key": "Beck´s International 57920.05.0",
    "storesList": null,
    "name": "Beck´s International 5",
    "type": "Öl",
    "subtype": "Pilsner",
    "volume": 7920.0,
    "pricePerLitre": 11.362373,
    "alcohol": 5.0,
    "price": 89.99,
    "alcoholPerPrice": 0.4400489
  },
  {
    "key": "Flensburger Radler330.02.4",
    "storesList": null,
    "name": "Flensburger Radler",
    "type": "Öl",
    "subtype": "Pilsner",
    "volume": 330.0,
    "pricePerLitre": 30.272726,
    "alcohol": 2.4,
    "price": 9.99,
    "alcoholPerPrice": 0.07927929
  },
  {
    "key": "Grolsch 57920.05.0",
    "storesList": null,
    "name": "Grolsch 5",
    "type": "Öl",
    "subtype": "Pilsner",
    "volume": 7920.0,
    "pricePerLitre": 11.362373,
    "alcohol": 5.0,
    "price": 89.99,
    "alcoholPerPrice": 0.4400489
  },
  {
    "key": "Warsteiner5000.04.8",
    "storesList": null,
    "name": "Warsteiner",
    "type": "Öl",
    "subtype": "Pilsner",
    "volume": 5000.0,
    "pricePerLitre": 16.998,
    "alcohol": 4.8,
    "price": 84.99,
    "alcoholPerPrice": 0.28238618
  },
  {
    "key": "Efes Pilsner330.04.9",
    "storesList": null,
    "name": "Efes Pilsner",
    "type": "Öl",
    "subtype": "Pilsner",
    "volume": 330.0,
    "pricePerLitre": 30.272726,
    "alcohol": 4.9,
    "price": 9.99,
    "alcoholPerPrice": 0.16186187
  },
  {
    "key": "Budweiser Budva500.05.0",
    "storesList": null,
    "name": "Budweiser Budva",
    "type": "Öl",
    "subtype": "Pilsner",
    "volume": 500.0,
    "pricePerLitre": 19.98,
    "alcohol": 5.0,
    "price": 9.99,
    "alcoholPerPrice": 0.25025025
  },
  {
    "key": "Hansa Export 57920.05.0",
    "storesList": null,
    "name": "Hansa Export 5",
    "type": "Öl",
    "subtype": "Pilsner",
    "volume": 7920.0,
    "pricePerLitre": 6.9431815,
    "alcohol": 5.0,
    "price": 54.99,
    "alcoholPerPrice": 0.720131
  },
  {
    "key": "Peroni7920.05.1",
    "storesList": null,
    "name": "Peroni",
    "type": "Öl",
    "subtype": "Pilsner",
    "volume": 7920.0,
    "pricePerLitre": 18.938131,
    "alcohol": 5.1,
    "price": 149.99,
    "alcoholPerPrice": 0.26929796
  },
  {
    "key": "Pilsner Urquell500.04.4",
    "storesList": null,
    "name": "Pilsner Urquell",
    "type": "Öl",
    "subtype": "Pilsner",
    "volume": 500.0,
    "pricePerLitre": 19.98,
    "alcohol": 4.4,
    "price": 9.99,
    "alcoholPerPrice": 0.22022022
  },
  {
    "key": "Pilsner Urquell7920.04.4",
    "storesList": null,
    "name": "Pilsner Urquell",
    "type": "Öl",
    "subtype": "Pilsner",
    "volume": 7920.0,
    "pricePerLitre": 16.412878,
    "alcohol": 4.4,
    "price": 129.99,
    "alcoholPerPrice": 0.26808217
  },
  {
    "key": "Guinness10559.9994.2",
    "storesList": null,
    "name": "Guinness",
    "type": "Öl",
    "subtype": "Stout",
    "volume": 10559.999,
    "pricePerLitre": 16.09754,
    "alcohol": 4.2,
    "price": 169.99,
    "alcoholPerPrice": 0.2609094
  },
  {
    "key": "Mors Stout7920.05.7",
    "storesList": null,
    "name": "Mors Stout",
    "type": "Öl",
    "subtype": "Stout",
    "volume": 7920.0,
    "pricePerLitre": 10.099747,
    "alcohol": 5.7,
    "price": 79.99,
    "alcoholPerPrice": 0.5643706
  },
  {
    "key": "Guinness330.04.2",
    "storesList": null,
    "name": "Guinness",
    "type": "Öl",
    "subtype": "Stout",
    "volume": 330.0,
    "pricePerLitre": 30.272726,
    "alcohol": 4.2,
    "price": 9.99,
    "alcoholPerPrice": 0.13873874
  },
  {
    "key": "Carlsberg Humle7920.04.5",
    "storesList": null,
    "name": "Carlsberg Humle",
    "type": "Öl",
    "subtype": "Special",
    "volume": 7920.0,
    "pricePerLitre": 10.099747,
    "alcohol": 4.5,
    "price": 79.99,
    "alcoholPerPrice": 0.44555572
  },
  {
    "key": "Birra Moretti7920.04.6",
    "storesList": null,
    "name": "Birra Moretti",
    "type": "Öl",
    "subtype": "Special",
    "volume": 7920.0,
    "pricePerLitre": 12.219696,
    "alcohol": 4.6,
    "price": 96.78,
    "alcoholPerPrice": 0.37644145
  },
  {
    "key": "Stella Artois Flaske 57920.05.0",
    "storesList": null,
    "name": "Stella Artois Flaske 5",
    "type": "Öl",
    "subtype": "Special",
    "volume": 7920.0,
    "pricePerLitre": 18.938131,
    "alcohol": 5.0,
    "price": 149.99,
    "alcoholPerPrice": 0.2640176
  },
  {
    "key": "Hoegaarden Flaske7920.04.9",
    "storesList": null,
    "name": "Hoegaarden Flaske",
    "type": "Öl",
    "subtype": "Special",
    "volume": 7920.0,
    "pricePerLitre": 22.72601,
    "alcohol": 4.9,
    "price": 179.99,
    "alcoholPerPrice": 0.215612
  },
  {
    "key": "Stag Brew Barley Wine750.012.0",
    "storesList": null,
    "name": "Stag Brew Barley Wine",
    "type": "Öl",
    "subtype": "Special",
    "volume": 750.0,
    "pricePerLitre": 66.653336,
    "alcohol": 12.0,
    "price": 49.99,
    "alcoholPerPrice": 0.18003601
  },
  {
    "key": "La Trappe Tripe330.08.0",
    "storesList": null,
    "name": "La Trappe Tripe",
    "type": "Öl",
    "subtype": "Special",
    "volume": 330.0,
    "pricePerLitre": 45.42424,
    "alcohol": 8.0,
    "price": 14.99,
    "alcoholPerPrice": 0.17611742
  },
  {
    "key": "Rickys IPA7920.05.5",
    "storesList": null,
    "name": "Rickys IPA",
    "type": "Öl",
    "subtype": "Special",
    "volume": 7920.0,
    "pricePerLitre": 11.27904,
    "alcohol": 5.5,
    "price": 89.33,
    "alcoholPerPrice": 0.48763013
  },
  {
    "key": "Höga Kusten7920.05.3",
    "storesList": null,
    "name": "Höga Kusten",
    "type": "Öl",
    "subtype": "Special",
    "volume": 7920.0,
    "pricePerLitre": 11.27904,
    "alcohol": 5.3,
    "price": 89.33,
    "alcoholPerPrice": 0.46989816
  },
  {
    "key": "Leffe Ruby4500.05.0",
    "storesList": null,
    "name": "Leffe Ruby",
    "type": "Öl",
    "subtype": "Special",
    "volume": 4500.0,
    "pricePerLitre": 28.886667,
    "alcohol": 5.0,
    "price": 129.99,
    "alcoholPerPrice": 0.17309023
  },
  {
    "key": "Eriksberg Juvelpilsner7920.04.5",
    "storesList": null,
    "name": "Eriksberg Juvelpilsner",
    "type": "Öl",
    "subtype": "Special",
    "volume": 7920.0,
    "pricePerLitre": 10.80808,
    "alcohol": 4.5,
    "price": 85.6,
    "alcoholPerPrice": 0.4163552
  },
  {
    "key": "Enter Night Pilsner500.05.7",
    "storesList": null,
    "name": "Enter Night Pilsner",
    "type": "Öl",
    "subtype": "Special",
    "volume": 500.0,
    "pricePerLitre": 39.98,
    "alcohol": 5.7,
    "price": 19.99,
    "alcoholPerPrice": 0.14257129
  },
  {
    "key": "Falcon Export7920.05.2",
    "storesList": null,
    "name": "Falcon Export",
    "type": "Öl",
    "subtype": "Svensk",
    "volume": 7920.0,
    "pricePerLitre": 8.83712,
    "alcohol": 5.2,
    "price": 69.99,
    "alcoholPerPrice": 0.58842695
  },
  {
    "key": "Norrlands Guld7920.05.3",
    "storesList": null,
    "name": "Norrlands Guld",
    "type": "Öl",
    "subtype": "Svensk",
    "volume": 7920.0,
    "pricePerLitre": 9.468433,
    "alcohol": 5.3,
    "price": 74.99,
    "alcoholPerPrice": 0.5597547
  },
  {
    "key": "Eriksberg7920.05.3",
    "storesList": null,
    "name": "Eriksberg",
    "type": "Öl",
    "subtype": "Svensk",
    "volume": 7920.0,
    "pricePerLitre": 10.80808,
    "alcohol": 5.3,
    "price": 85.6,
    "alcoholPerPrice": 0.4903739
  },
  {
    "key": "Bellman 67920.06.0",
    "storesList": null,
    "name": "Bellman 6",
    "type": "Öl",
    "subtype": "Svensk",
    "volume": 7920.0,
    "pricePerLitre": 10.099747,
    "alcohol": 6.0,
    "price": 79.99,
    "alcoholPerPrice": 0.5940743
  },
  {
    "key": "Sofiero7920.05.2",
    "storesList": null,
    "name": "Sofiero",
    "type": "Öl",
    "subtype": "Svensk",
    "volume": 7920.0,
    "pricePerLitre": 7.574495,
    "alcohol": 5.2,
    "price": 59.99,
    "alcoholPerPrice": 0.6865144
  },
  {
    "key": "Pripps Blå 57920.05.0",
    "storesList": null,
    "name": "Pripps Blå 5",
    "type": "Öl",
    "subtype": "Svensk",
    "volume": 7920.0,
    "pricePerLitre": 8.83712,
    "alcohol": 5.0,
    "price": 69.99,
    "alcoholPerPrice": 0.5657952
  },
  {
    "key": "Mariestads Export7920.05.3",
    "storesList": null,
    "name": "Mariestads Export",
    "type": "Öl",
    "subtype": "Svensk",
    "volume": 7920.0,
    "pricePerLitre": 10.73106,
    "alcohol": 5.3,
    "price": 84.99,
    "alcoholPerPrice": 0.49389344
  },
  {
    "key": "Åbro Fem Komma Tvåan7920.05.2",
    "storesList": null,
    "name": "Åbro Fem Komma Tvåan",
    "type": "Öl",
    "subtype": "Svensk",
    "volume": 7920.0,
    "pricePerLitre": 8.205808,
    "alcohol": 5.2,
    "price": 64.99,
    "alcoholPerPrice": 0.6336975
  },
  {
    "key": "Mariestads Old Ox7920.06.9",
    "storesList": null,
    "name": "Mariestads Old Ox",
    "type": "Öl",
    "subtype": "Svensk",
    "volume": 7920.0,
    "pricePerLitre": 10.73106,
    "alcohol": 6.9,
    "price": 84.99,
    "alcoholPerPrice": 0.64299333
  },
  {
    "key": "Sofiero7920.07.5",
    "storesList": null,
    "name": "Sofiero",
    "type": "Öl",
    "subtype": "Svensk",
    "volume": 7920.0,
    "pricePerLitre": 10.099747,
    "alcohol": 7.5,
    "price": 79.99,
    "alcoholPerPrice": 0.7425929
  },
  {
    "key": "Spendrups Premium Gold7920.05.9",
    "storesList": null,
    "name": "Spendrups Premium Gold",
    "type": "Öl",
    "subtype": "Svensk",
    "volume": 7920.0,
    "pricePerLitre": 9.468433,
    "alcohol": 5.9,
    "price": 74.99,
    "alcoholPerPrice": 0.62312317
  },
  {
    "key": "Åbro Bryggmästarens Premium Gold7920.05.9",
    "storesList": null,
    "name": "Åbro Bryggmästarens Premium Gold",
    "type": "Öl",
    "subtype": "Svensk",
    "volume": 7920.0,
    "pricePerLitre": 9.468433,
    "alcohol": 5.9,
    "price": 74.99,
    "alcoholPerPrice": 0.62312317
  },
  {
    "key": "Åbro Øl Original7920.05.2",
    "storesList": null,
    "name": "Åbro Øl Original",
    "type": "Öl",
    "subtype": "Svensk",
    "volume": 7920.0,
    "pricePerLitre": 8.205808,
    "alcohol": 5.2,
    "price": 64.99,
    "alcoholPerPrice": 0.6336975
  },
  {
    "key": "Norrlands Djup7920.06.8",
    "storesList": null,
    "name": "Norrlands Djup",
    "type": "Öl",
    "subtype": "Svensk",
    "volume": 7920.0,
    "pricePerLitre": 10.73106,
    "alcohol": 6.8,
    "price": 84.99,
    "alcoholPerPrice": 0.6336746
  },
  {
    "key": "Småland Øl7920.05.2",
    "storesList": null,
    "name": "Småland Øl",
    "type": "Öl",
    "subtype": "Svensk",
    "volume": 7920.0,
    "pricePerLitre": 8.205808,
    "alcohol": 5.2,
    "price": 64.99,
    "alcoholPerPrice": 0.6336975
  },
  {
    "key": "Stockholm7920.05.3",
    "storesList": null,
    "name": "Stockholm",
    "type": "Öl",
    "subtype": "Svensk",
    "volume": 7920.0,
    "pricePerLitre": 7.045454,
    "alcohol": 5.3,
    "price": 55.8,
    "alcoholPerPrice": 0.7522581
  },
  {
    "key": "Åbro Sju Komma Tvåan7920.07.2",
    "storesList": null,
    "name": "Åbro Sju Komma Tvåan",
    "type": "Öl",
    "subtype": "Svensk",
    "volume": 7920.0,
    "pricePerLitre": 9.468433,
    "alcohol": 7.2,
    "price": 74.99,
    "alcoholPerPrice": 0.76042145
  },
  {
    "key": "Bron IPA7920.06.4",
    "storesList": null,
    "name": "Bron IPA",
    "type": "Öl",
    "subtype": "Svensk",
    "volume": 7920.0,
    "pricePerLitre": 9.397727,
    "alcohol": 6.4,
    "price": 74.43,
    "alcoholPerPrice": 0.68101573
  },
  {
    "key": "Falcon Special Brew7920.05.9",
    "storesList": null,
    "name": "Falcon Special Brew",
    "type": "Öl",
    "subtype": "Svensk",
    "volume": 7920.0,
    "pricePerLitre": 8.83712,
    "alcohol": 5.9,
    "price": 69.99,
    "alcoholPerPrice": 0.66763836
  },
  {
    "key": "Åbro Kung7920.05.2",
    "storesList": null,
    "name": "Åbro Kung",
    "type": "Öl",
    "subtype": "Svensk",
    "volume": 7920.0,
    "pricePerLitre": 8.83712,
    "alcohol": 5.2,
    "price": 69.99,
    "alcoholPerPrice": 0.58842695
  },
  {
    "key": "Crocodile7920.05.2",
    "storesList": null,
    "name": "Crocodile",
    "type": "Öl",
    "subtype": "Svensk",
    "volume": 7920.0,
    "pricePerLitre": 7.045454,
    "alcohol": 5.2,
    "price": 55.8,
    "alcoholPerPrice": 0.7380645
  },
  {
    "key": "Pistonhead Flat Tire7920.04.5",
    "storesList": null,
    "name": "Pistonhead Flat Tire",
    "type": "Öl",
    "subtype": "Svensk",
    "volume": 7920.0,
    "pricePerLitre": 9.468433,
    "alcohol": 4.5,
    "price": 74.99,
    "alcoholPerPrice": 0.47526342
  },
  {
    "key": "Bryggmästarens Ekologisk 57920.05.0",
    "storesList": null,
    "name": "Bryggmästarens Ekologisk 5",
    "type": "Öl",
    "subtype": "Svensk",
    "volume": 7920.0,
    "pricePerLitre": 8.83712,
    "alcohol": 5.0,
    "price": 69.99,
    "alcoholPerPrice": 0.5657952
  },
  {
    "key": "Grängesberg7920.05.9",
    "storesList": null,
    "name": "Grängesberg",
    "type": "Öl",
    "subtype": "Svensk",
    "volume": 7920.0,
    "pricePerLitre": 10.73106,
    "alcohol": 5.9,
    "price": 84.99,
    "alcoholPerPrice": 0.5498059
  },
  {
    "key": "Åbro Export7920.05.3",
    "storesList": null,
    "name": "Åbro Export",
    "type": "Öl",
    "subtype": "Svensk",
    "volume": 7920.0,
    "pricePerLitre": 8.205808,
    "alcohol": 5.3,
    "price": 64.99,
    "alcoholPerPrice": 0.64588404
  },
  {
    "key": "Norrlands Guld Ljus Ekologisk7920.04.7",
    "storesList": null,
    "name": "Norrlands Guld Ljus Ekologisk",
    "type": "Öl",
    "subtype": "Svensk",
    "volume": 7920.0,
    "pricePerLitre": 9.468433,
    "alcohol": 4.7,
    "price": 74.99,
    "alcoholPerPrice": 0.49638623
  },
  {
    "key": "Svensk Starköl7920.05.1",
    "storesList": null,
    "name": "Svensk Starköl",
    "type": "Öl",
    "subtype": "Svensk",
    "volume": 7920.0,
    "pricePerLitre": 8.205808,
    "alcohol": 5.1,
    "price": 64.99,
    "alcoholPerPrice": 0.62151104
  },
  {
    "key": "Somersby Æble Cider7920.04.5",
    "storesList": null,
    "name": "Somersby Æble Cider",
    "type": "Alkoläsk och cider",
    "subtype": "Cider",
    "volume": 7920.0,
    "pricePerLitre": 12.219696,
    "alcohol": 4.5,
    "price": 96.78,
    "alcoholPerPrice": 0.36825794
  },
  {
    "key": "Tempt Sixty Niner Strawberry Lime Cider7920.04.5",
    "storesList": null,
    "name": "Tempt Sixty Niner Strawberry Lime Cider",
    "type": "Alkoläsk och cider",
    "subtype": "Cider",
    "volume": 7920.0,
    "pricePerLitre": 9.397727,
    "alcohol": 4.5,
    "price": 74.43,
    "alcoholPerPrice": 0.4788392
  },
  {
    "key": "Somersby Pære Cider7920.04.5",
    "storesList": null,
    "name": "Somersby Pære Cider",
    "type": "Alkoläsk och cider",
    "subtype": "Cider",
    "volume": 7920.0,
    "pricePerLitre": 12.219696,
    "alcohol": 4.5,
    "price": 96.78,
    "alcoholPerPrice": 0.36825794
  },
  {
    "key": "SHAKER Original5940.04.5",
    "storesList": null,
    "name": "SHAKER Original",
    "type": "Sprit",
    "subtype": "Ready to drink",
    "volume": 5940.0,
    "pricePerLitre": 16.833334,
    "alcohol": 4.5,
    "price": 99.99,
    "alcoholPerPrice": 0.2673267
  },
  {
    "key": "MOKAÏ Pink Apple5940.04.5",
    "storesList": null,
    "name": "MOKAÏ Pink Apple",
    "type": "Alkoläsk och cider",
    "subtype": "Cider",
    "volume": 5940.0,
    "pricePerLitre": 16.833334,
    "alcohol": 4.5,
    "price": 99.99,
    "alcoholPerPrice": 0.2673267
  },
  {
    "key": "Tempt Juicy Pineapple7920.04.5",
    "storesList": null,
    "name": "Tempt Juicy Pineapple",
    "type": "Alkoläsk och cider",
    "subtype": "Cider",
    "volume": 7920.0,
    "pricePerLitre": 9.397727,
    "alcohol": 4.5,
    "price": 74.43,
    "alcoholPerPrice": 0.4788392
  },
  {
    "key": "Tempt Dirty Passion7920.04.5",
    "storesList": null,
    "name": "Tempt Dirty Passion",
    "type": "Alkoläsk och cider",
    "subtype": "Cider",
    "volume": 7920.0,
    "pricePerLitre": 9.397727,
    "alcohol": 4.5,
    "price": 74.43,
    "alcoholPerPrice": 0.4788392
  },
  {
    "key": "Rekorderlig Skovbær7920.04.5",
    "storesList": null,
    "name": "Rekorderlig Skovbær",
    "type": "Alkoläsk och cider",
    "subtype": "Cider",
    "volume": 7920.0,
    "pricePerLitre": 10.338383,
    "alcohol": 4.5,
    "price": 81.88,
    "alcoholPerPrice": 0.43527117
  },
  {
    "key": "Somersby Blackberry Cider7920.04.5",
    "storesList": null,
    "name": "Somersby Blackberry Cider",
    "type": "Alkoläsk och cider",
    "subtype": "Cider",
    "volume": 7920.0,
    "pricePerLitre": 12.219696,
    "alcohol": 4.5,
    "price": 96.78,
    "alcoholPerPrice": 0.36825794
  },
  {
    "key": "MOKAÏ Jordbær/Lime5940.04.5",
    "storesList": null,
    "name": "MOKAÏ Jordbær/Lime",
    "type": "Alkoläsk och cider",
    "subtype": "Cider",
    "volume": 5940.0,
    "pricePerLitre": 16.833334,
    "alcohol": 4.5,
    "price": 99.99,
    "alcoholPerPrice": 0.2673267
  },
  {
    "key": "Rekorderlig Jordbær Lime7920.04.5",
    "storesList": null,
    "name": "Rekorderlig Jordbær Lime",
    "type": "Alkoläsk och cider",
    "subtype": "Cider",
    "volume": 7920.0,
    "pricePerLitre": 10.338383,
    "alcohol": 4.5,
    "price": 81.88,
    "alcoholPerPrice": 0.43527117
  },
  {
    "key": "Rekorderlig Hyldeblomst7920.04.5",
    "storesList": null,
    "name": "Rekorderlig Hyldeblomst",
    "type": "Alkoläsk och cider",
    "subtype": "Cider",
    "volume": 7920.0,
    "pricePerLitre": 10.338383,
    "alcohol": 4.5,
    "price": 81.88,
    "alcoholPerPrice": 0.43527117
  },
  {
    "key": "Tempt Tasty Orange7920.04.5",
    "storesList": null,
    "name": "Tempt Tasty Orange",
    "type": "Alkoläsk och cider",
    "subtype": "Cider",
    "volume": 7920.0,
    "pricePerLitre": 9.397727,
    "alcohol": 4.5,
    "price": 74.43,
    "alcoholPerPrice": 0.4788392
  },
  {
    "key": "Tempt Cool Granate7920.04.5",
    "storesList": null,
    "name": "Tempt Cool Granate",
    "type": "Alkoläsk och cider",
    "subtype": "Cider",
    "volume": 7920.0,
    "pricePerLitre": 9.397727,
    "alcohol": 4.5,
    "price": 74.43,
    "alcoholPerPrice": 0.4788392
  },
  {
    "key": "Rekorderlig Pære7920.04.5",
    "storesList": null,
    "name": "Rekorderlig Pære",
    "type": "Alkoläsk och cider",
    "subtype": "Cider",
    "volume": 7920.0,
    "pricePerLitre": 10.338383,
    "alcohol": 4.5,
    "price": 81.88,
    "alcoholPerPrice": 0.43527117
  },
  {
    "key": "Classic Cocktails Mojito1500.012.5",
    "storesList": null,
    "name": "Classic Cocktails Mojito",
    "type": "Sprit",
    "subtype": "Ready to drink",
    "volume": 1500.0,
    "pricePerLitre": 59.993332,
    "alcohol": 12.5,
    "price": 89.99,
    "alcoholPerPrice": 0.20835648
  },
  {
    "key": "Rekorderlig Skovbær7920.07.0",
    "storesList": null,
    "name": "Rekorderlig Skovbær",
    "type": "Alkoläsk och cider",
    "subtype": "Cider",
    "volume": 7920.0,
    "pricePerLitre": 12.219696,
    "alcohol": 7.0,
    "price": 96.78,
    "alcoholPerPrice": 0.5728457
  },
  {
    "key": "Rekorderlig Jordbær Lime 77920.07.0",
    "storesList": null,
    "name": "Rekorderlig Jordbær Lime 7",
    "type": "Alkoläsk och cider",
    "subtype": "Cider",
    "volume": 7920.0,
    "pricePerLitre": 12.219696,
    "alcohol": 7.0,
    "price": 96.78,
    "alcoholPerPrice": 0.5728457
  },
  {
    "key": "Rekorderlig Citrus/Watermelon7920.04.5",
    "storesList": null,
    "name": "Rekorderlig Citrus/Watermelon",
    "type": "Alkoläsk och cider",
    "subtype": "Cider",
    "volume": 7920.0,
    "pricePerLitre": 10.338383,
    "alcohol": 4.5,
    "price": 81.88,
    "alcoholPerPrice": 0.43527117
  },
  {
    "key": "Briska Fläder7920.04.5",
    "storesList": null,
    "name": "Briska Fläder",
    "type": "Alkoläsk och cider",
    "subtype": "Cider",
    "volume": 7920.0,
    "pricePerLitre": 10.80808,
    "alcohol": 4.5,
    "price": 85.6,
    "alcoholPerPrice": 0.4163552
  },
  {
    "key": "Smirnoff Ic250.03.0",
    "storesList": null,
    "name": "Smirnoff Ic",
    "type": "Sprit",
    "subtype": "Ready to drink",
    "volume": 250.0,
    "pricePerLitre": 79.96,
    "alcohol": 3.0,
    "price": 19.99,
    "alcoholPerPrice": 0.03751876
  },
  {
    "key": "Rekorderlig Mango Raspberry7920.04.5",
    "storesList": null,
    "name": "Rekorderlig Mango Raspberry",
    "type": "Alkoläsk och cider",
    "subtype": "Cider",
    "volume": 7920.0,
    "pricePerLitre": 10.338383,
    "alcohol": 4.5,
    "price": 81.88,
    "alcoholPerPrice": 0.43527117
  },
  {
    "key": "Rekorderlig Passionsfrugt7920.04.5",
    "storesList": null,
    "name": "Rekorderlig Passionsfrugt",
    "type": "Alkoläsk och cider",
    "subtype": "Cider",
    "volume": 7920.0,
    "pricePerLitre": 10.338383,
    "alcohol": 4.5,
    "price": 81.88,
    "alcoholPerPrice": 0.43527117
  },
  {
    "key": "MOKAÏ Elderflower Red5940.04.5",
    "storesList": null,
    "name": "MOKAÏ Elderflower Red",
    "type": "Alkoläsk och cider",
    "subtype": "Cider",
    "volume": 5940.0,
    "pricePerLitre": 16.833334,
    "alcohol": 4.5,
    "price": 99.99,
    "alcoholPerPrice": 0.2673267
  },
  {
    "key": "Kopparberg Skovbær7920.07.5",
    "storesList": null,
    "name": "Kopparberg Skovbær",
    "type": "Alkoläsk och cider",
    "subtype": "Cider",
    "volume": 7920.0,
    "pricePerLitre": 12.624999,
    "alcohol": 7.5,
    "price": 99.99,
    "alcoholPerPrice": 0.59405947
  },
  {
    "key": "Briska Ananas7920.04.5",
    "storesList": null,
    "name": "Briska Ananas",
    "type": "Alkoläsk och cider",
    "subtype": "Cider",
    "volume": 7920.0,
    "pricePerLitre": 10.80808,
    "alcohol": 4.5,
    "price": 85.6,
    "alcoholPerPrice": 0.4163552
  },
  {
    "key": "Gordon's Gin & Tonic330.010.0",
    "storesList": null,
    "name": "Gordon's Gin & Tonic",
    "type": "Sprit",
    "subtype": "Ready to drink",
    "volume": 330.0,
    "pricePerLitre": 60.575756,
    "alcohol": 10.0,
    "price": 19.99,
    "alcoholPerPrice": 0.16508254
  },
  {
    "key": "Briska Päron7920.04.5",
    "storesList": null,
    "name": "Briska Päron",
    "type": "Alkoläsk och cider",
    "subtype": "Cider",
    "volume": 7920.0,
    "pricePerLitre": 10.80808,
    "alcohol": 4.5,
    "price": 85.6,
    "alcoholPerPrice": 0.4163552
  },
  {
    "key": "Captain Morgan & Cola330.010.0",
    "storesList": null,
    "name": "Captain Morgan & Cola",
    "type": "Sprit",
    "subtype": "Ready to drink",
    "volume": 330.0,
    "pricePerLitre": 60.575756,
    "alcohol": 10.0,
    "price": 19.99,
    "alcoholPerPrice": 0.16508254
  },
  {
    "key": "Mojito Raspberry1500.012.5",
    "storesList": null,
    "name": "Mojito Raspberry",
    "type": "Sprit",
    "subtype": "Ready to drink",
    "volume": 1500.0,
    "pricePerLitre": 53.326668,
    "alcohol": 12.5,
    "price": 79.99,
    "alcoholPerPrice": 0.2344043
  },
  {
    "key": "Jack Daniel's&Cola330.010.0",
    "storesList": null,
    "name": "Jack Daniel's&Cola",
    "type": "Sprit",
    "subtype": "Ready to drink",
    "volume": 330.0,
    "pricePerLitre": 60.575756,
    "alcohol": 10.0,
    "price": 19.99,
    "alcoholPerPrice": 0.16508254
  },
  {
    "key": "MOKAÏ Elderflower Blue5940.04.5",
    "storesList": null,
    "name": "MOKAÏ Elderflower Blue",
    "type": "Alkoläsk och cider",
    "subtype": "Cider",
    "volume": 5940.0,
    "pricePerLitre": 16.833334,
    "alcohol": 4.5,
    "price": 99.99,
    "alcoholPerPrice": 0.2673267
  },
  {
    "key": "Kopparberg Skovbær7920.04.5",
    "storesList": null,
    "name": "Kopparberg Skovbær",
    "type": "Alkoläsk och cider",
    "subtype": "Cider",
    "volume": 7920.0,
    "pricePerLitre": 11.27904,
    "alcohol": 4.5,
    "price": 89.33,
    "alcoholPerPrice": 0.39897013
  },
  {
    "key": "Rekorderlig Grapefruit-Fizz7920.04.5",
    "storesList": null,
    "name": "Rekorderlig Grapefruit-Fizz",
    "type": "Alkoläsk och cider",
    "subtype": "Cider",
    "volume": 7920.0,
    "pricePerLitre": 11.362373,
    "alcohol": 4.5,
    "price": 89.99,
    "alcoholPerPrice": 0.39604402
  },
  {
    "key": "Captain Morgan White Rum & Mojito330.010.0",
    "storesList": null,
    "name": "Captain Morgan White Rum & Mojito",
    "type": "Sprit",
    "subtype": "Ready to drink",
    "volume": 330.0,
    "pricePerLitre": 60.575756,
    "alcohol": 10.0,
    "price": 19.99,
    "alcoholPerPrice": 0.16508254
  },
  {
    "key": "Bacardi & Cola330.010.0",
    "storesList": null,
    "name": "Bacardi & Cola",
    "type": "Sprit",
    "subtype": "Ready to drink",
    "volume": 330.0,
    "pricePerLitre": 60.575756,
    "alcohol": 10.0,
    "price": 19.99,
    "alcoholPerPrice": 0.16508254
  },
  {
    "key": "Flüge20000.010.0",
    "storesList": null,
    "name": "Flüge",
    "type": "Sprit",
    "subtype": "Shots",
    "volume": 20000.0,
    "pricePerLitre": 3.2495,
    "alcohol": 10.0,
    "price": 64.99,
    "alcoholPerPrice": 3.0773964
  },
  {
    "key": "Jim Beam & Cola330.010.0",
    "storesList": null,
    "name": "Jim Beam & Cola",
    "type": "Sprit",
    "subtype": "Ready to drink",
    "volume": 330.0,
    "pricePerLitre": 60.575756,
    "alcohol": 10.0,
    "price": 19.99,
    "alcoholPerPrice": 0.16508254
  },
  {
    "key": "Polini VIP Sprit750.08.0",
    "storesList": null,
    "name": "Polini VIP Sprit",
    "type": "Sprit",
    "subtype": "Ready to drink",
    "volume": 750.0,
    "pricePerLitre": 33.32,
    "alcohol": 8.0,
    "price": 24.99,
    "alcoholPerPrice": 0.24009605
  },
  {
    "key": "Jack Daniel's & Ginger330.010.0",
    "storesList": null,
    "name": "Jack Daniel's & Ginger",
    "type": "Sprit",
    "subtype": "Ready to drink",
    "volume": 330.0,
    "pricePerLitre": 60.575756,
    "alcohol": 10.0,
    "price": 19.99,
    "alcoholPerPrice": 0.16508254
  },
  {
    "key": "Jack Daniel's Lynchburg330.010.0",
    "storesList": null,
    "name": "Jack Daniel's Lynchburg",
    "type": "Sprit",
    "subtype": "Ready to drink",
    "volume": 330.0,
    "pricePerLitre": 60.575756,
    "alcohol": 10.0,
    "price": 19.99,
    "alcoholPerPrice": 0.16508254
  },
  {
    "key": "Kopparberg Pære 77920.07.0",
    "storesList": null,
    "name": "Kopparberg Pære 7",
    "type": "Alkoläsk och cider",
    "subtype": "Cider",
    "volume": 7920.0,
    "pricePerLitre": 12.624999,
    "alcohol": 7.0,
    "price": 99.99,
    "alcoholPerPrice": 0.55445546
  },
  {
    "key": "Smirnoff & Lemon250.010.0",
    "storesList": null,
    "name": "Smirnoff & Lemon",
    "type": "Sprit",
    "subtype": "Ready to drink",
    "volume": 250.0,
    "pricePerLitre": 79.96,
    "alcohol": 10.0,
    "price": 19.99,
    "alcoholPerPrice": 0.12506253
  },
  {
    "key": "Kopparberg Pære7920.04.5",
    "storesList": null,
    "name": "Kopparberg Pære",
    "type": "Alkoläsk och cider",
    "subtype": "Cider",
    "volume": 7920.0,
    "pricePerLitre": 11.27904,
    "alcohol": 4.5,
    "price": 89.33,
    "alcoholPerPrice": 0.39897013
  },
  {
    "key": "Sex On The Beach700.015.0",
    "storesList": null,
    "name": "Sex On The Beach",
    "type": "Sprit",
    "subtype": "Ready to drink",
    "volume": 700.0,
    "pricePerLitre": 57.128574,
    "alcohol": 15.0,
    "price": 39.99,
    "alcoholPerPrice": 0.26256564
  },
  {
    "key": "Lindeman's Bin 65 Chardonnay750.013.0",
    "storesList": null,
    "name": "Lindeman's Bin 65 Chardonnay",
    "type": "Vin",
    "subtype": "Vitt vin",
    "volume": 750.0,
    "pricePerLitre": 66.653336,
    "alcohol": 13.0,
    "price": 49.99,
    "alcoholPerPrice": 0.195039
  },
  {
    "key": "Abela Valle3000.015.0",
    "storesList": null,
    "name": "Abela Valle",
    "type": "Vin",
    "subtype": "Rött vin",
    "volume": 3000.0,
    "pricePerLitre": 23.33,
    "alcohol": 15.0,
    "price": 69.99,
    "alcoholPerPrice": 0.642949
  },
  {
    "key": "Brachetto Piemonte Duchessa Lia750.06.5",
    "storesList": null,
    "name": "Brachetto Piemonte Duchessa Lia",
    "type": "Vin",
    "subtype": "Rött vin",
    "volume": 750.0,
    "pricePerLitre": 66.653336,
    "alcohol": 6.5,
    "price": 49.99,
    "alcoholPerPrice": 0.0975195
  },
  {
    "key": "Tabiso Cabernet Shira3000.015.0",
    "storesList": null,
    "name": "Tabiso Cabernet Shira",
    "type": "Vin",
    "subtype": "Rött vin",
    "volume": 3000.0,
    "pricePerLitre": 23.33,
    "alcohol": 15.0,
    "price": 69.99,
    "alcoholPerPrice": 0.642949
  },
  {
    "key": "Lindeman's Shiraz Cabernet3000.013.5",
    "storesList": null,
    "name": "Lindeman's Shiraz Cabernet",
    "type": "Vin",
    "subtype": "Rött vin",
    "volume": 3000.0,
    "pricePerLitre": 39.996666,
    "alcohol": 13.5,
    "price": 119.99,
    "alcoholPerPrice": 0.33752814
  },
  {
    "key": "Piccini Buon Governo750.013.0",
    "storesList": null,
    "name": "Piccini Buon Governo",
    "type": "Vin",
    "subtype": "Rött vin",
    "volume": 750.0,
    "pricePerLitre": 53.320004,
    "alcohol": 13.0,
    "price": 39.99,
    "alcoholPerPrice": 0.24381094
  },
  {
    "key": "Rocca Zinfandel Blush Salento IGT750.012.5",
    "storesList": null,
    "name": "Rocca Zinfandel Blush Salento IGT",
    "type": "Vin",
    "subtype": "Rosévin",
    "volume": 750.0,
    "pricePerLitre": 66.653336,
    "alcohol": 12.5,
    "price": 49.99,
    "alcoholPerPrice": 0.1875375
  },
  {
    "key": "Baron Fuente Demi Sec750.012.5",
    "storesList": null,
    "name": "Baron Fuente Demi Sec",
    "type": "Vin",
    "subtype": "Champagne",
    "volume": 750.0,
    "pricePerLitre": 213.32,
    "alcohol": 12.5,
    "price": 159.99,
    "alcoholPerPrice": 0.058597412
  },
  {
    "key": "Baron Fuente Brut750.012.5",
    "storesList": null,
    "name": "Baron Fuente Brut",
    "type": "Vin",
    "subtype": "Champagne",
    "volume": 750.0,
    "pricePerLitre": 213.32,
    "alcohol": 12.5,
    "price": 159.99,
    "alcoholPerPrice": 0.058597412
  },
  {
    "key": "Mumm Demi Sec750.012.0",
    "storesList": null,
    "name": "Mumm Demi Sec",
    "type": "Vin",
    "subtype": "Champagne",
    "volume": 750.0,
    "pricePerLitre": 333.32,
    "alcohol": 12.0,
    "price": 249.99,
    "alcoholPerPrice": 0.03600144
  },
  {
    "key": "Mumm Brut Cordon Rouge750.012.0",
    "storesList": null,
    "name": "Mumm Brut Cordon Rouge",
    "type": "Vin",
    "subtype": "Champagne",
    "volume": 750.0,
    "pricePerLitre": 333.32,
    "alcohol": 12.0,
    "price": 249.99,
    "alcoholPerPrice": 0.03600144
  },
  {
    "key": "Pommery Champagne Brut Royal750.012.5",
    "storesList": null,
    "name": "Pommery Champagne Brut Royal",
    "type": "Vin",
    "subtype": "Mousserande",
    "volume": 750.0,
    "pricePerLitre": 373.32,
    "alcohol": 12.5,
    "price": 279.99,
    "alcoholPerPrice": 0.033483338
  },
  {
    "key": "Mumm Rosé750.012.0",
    "storesList": null,
    "name": "Mumm Rosé",
    "type": "Vin",
    "subtype": "Champagne",
    "volume": 750.0,
    "pricePerLitre": 533.32,
    "alcohol": 12.0,
    "price": 399.99,
    "alcoholPerPrice": 0.022500562
  },
  {
    "key": "Piccini Prosecco750.011.0",
    "storesList": null,
    "name": "Piccini Prosecco",
    "type": "Vin",
    "subtype": "Mousserande",
    "volume": 750.0,
    "pricePerLitre": 93.32,
    "alcohol": 11.0,
    "price": 69.99,
    "alcoholPerPrice": 0.11787398
  },
  {
    "key": "Moscato D'Asti Patrizi750.05.5",
    "storesList": null,
    "name": "Moscato D'Asti Patrizi",
    "type": "Vin",
    "subtype": "Mousserande",
    "volume": 750.0,
    "pricePerLitre": 53.320004,
    "alcohol": 5.5,
    "price": 39.99,
    "alcoholPerPrice": 0.10315078
  },
  {
    "key": "Canti Ast750.07.0",
    "storesList": null,
    "name": "Canti Ast",
    "type": "Vin",
    "subtype": "Mousserande",
    "volume": 750.0,
    "pricePerLitre": 66.653336,
    "alcohol": 7.0,
    "price": 49.99,
    "alcoholPerPrice": 0.105021
  },
  {
    "key": "Asti Spumante Carsini750.07.5",
    "storesList": null,
    "name": "Asti Spumante Carsini",
    "type": "Vin",
    "subtype": "Mousserande",
    "volume": 750.0,
    "pricePerLitre": 79.98667,
    "alcohol": 7.5,
    "price": 59.99,
    "alcoholPerPrice": 0.093765624
  },
  {
    "key": "Verdi Spumant750.05.0",
    "storesList": null,
    "name": "Verdi Spumant",
    "type": "Vin",
    "subtype": "Mousserande",
    "volume": 750.0,
    "pricePerLitre": 46.653336,
    "alcohol": 5.0,
    "price": 34.99,
    "alcoholPerPrice": 0.10717347
  },
  {
    "key": "Verdi Sparkletini Raspberr750.05.0",
    "storesList": null,
    "name": "Verdi Sparkletini Raspberr",
    "type": "Vin",
    "subtype": "Mousserande",
    "volume": 750.0,
    "pricePerLitre": 46.653336,
    "alcohol": 5.0,
    "price": 34.99,
    "alcoholPerPrice": 0.10717347
  },
  {
    "key": "Verdi Sparkletini Strawberr750.05.0",
    "storesList": null,
    "name": "Verdi Sparkletini Strawberr",
    "type": "Vin",
    "subtype": "Mousserande",
    "volume": 750.0,
    "pricePerLitre": 46.653336,
    "alcohol": 5.0,
    "price": 34.99,
    "alcoholPerPrice": 0.10717347
  },
  {
    "key": "Arthur Metz Cremant d'Alsace 1904750.012.5",
    "storesList": null,
    "name": "Arthur Metz Cremant d'Alsace 1904",
    "type": "Vin",
    "subtype": "Mousserande",
    "volume": 750.0,
    "pricePerLitre": 106.653336,
    "alcohol": 12.5,
    "price": 79.99,
    "alcoholPerPrice": 0.11720215
  },
  {
    "key": "Cremant D'Alsace Dagobert750.012.0",
    "storesList": null,
    "name": "Cremant D'Alsace Dagobert",
    "type": "Vin",
    "subtype": "Mousserande",
    "volume": 750.0,
    "pricePerLitre": 93.32,
    "alcohol": 12.0,
    "price": 69.99,
    "alcoholPerPrice": 0.1285898
  },
  {
    "key": "Castelforte Prosecco Extra Dry750.011.0",
    "storesList": null,
    "name": "Castelforte Prosecco Extra Dry",
    "type": "Vin",
    "subtype": "Mousserande",
    "volume": 750.0,
    "pricePerLitre": 79.98667,
    "alcohol": 11.0,
    "price": 59.99,
    "alcoholPerPrice": 0.1375229
  },
  {
    "key": "Verdi Sparkletini Peac750.05.0",
    "storesList": null,
    "name": "Verdi Sparkletini Peac",
    "type": "Vin",
    "subtype": "Mousserande",
    "volume": 750.0,
    "pricePerLitre": 46.653336,
    "alcohol": 5.0,
    "price": 34.99,
    "alcoholPerPrice": 0.10717347
  },
  {
    "key": "Verdi Ros750.05.0",
    "storesList": null,
    "name": "Verdi Ros",
    "type": "Vin",
    "subtype": "Mousserande",
    "volume": 750.0,
    "pricePerLitre": 46.653336,
    "alcohol": 5.0,
    "price": 34.99,
    "alcoholPerPrice": 0.10717347
  },
  {
    "key": "Verdi Sparkletini Hyldebloms750.05.0",
    "storesList": null,
    "name": "Verdi Sparkletini Hyldebloms",
    "type": "Vin",
    "subtype": "Mousserande",
    "volume": 750.0,
    "pricePerLitre": 46.653336,
    "alcohol": 5.0,
    "price": 34.99,
    "alcoholPerPrice": 0.10717347
  },
  {
    "key": "Verdi Sparkletini Watermelo750.05.0",
    "storesList": null,
    "name": "Verdi Sparkletini Watermelo",
    "type": "Vin",
    "subtype": "Mousserande",
    "volume": 750.0,
    "pricePerLitre": 46.653336,
    "alcohol": 5.0,
    "price": 34.99,
    "alcoholPerPrice": 0.10717347
  },
  {
    "key": "Piccini Memoro Spumante750.011.0",
    "storesList": null,
    "name": "Piccini Memoro Spumante",
    "type": "Vin",
    "subtype": "Mousserande",
    "volume": 750.0,
    "pricePerLitre": 66.653336,
    "alcohol": 11.0,
    "price": 49.99,
    "alcoholPerPrice": 0.165033
  },
  {
    "key": "Asti Cinzano Spumant750.07.0",
    "storesList": null,
    "name": "Asti Cinzano Spumant",
    "type": "Vin",
    "subtype": "Mousserande",
    "volume": 750.0,
    "pricePerLitre": 79.98667,
    "alcohol": 7.0,
    "price": 59.99,
    "alcoholPerPrice": 0.08751458
  },
  {
    "key": "Monistrol Cava Brut750.011.5",
    "storesList": null,
    "name": "Monistrol Cava Brut",
    "type": "Vin",
    "subtype": "Mousserande",
    "volume": 750.0,
    "pricePerLitre": 59.98667,
    "alcohol": 11.5,
    "price": 44.99,
    "alcoholPerPrice": 0.19170925
  },
  {
    "key": "Xanté Sparkling750.012.0",
    "storesList": null,
    "name": "Xanté Sparkling",
    "type": "Vin",
    "subtype": "Mousserande",
    "volume": 750.0,
    "pricePerLitre": 74.4,
    "alcohol": 12.0,
    "price": 55.8,
    "alcoholPerPrice": 0.16129032
  },
  {
    "key": "Monistrol Cava Semi Seco750.011.5",
    "storesList": null,
    "name": "Monistrol Cava Semi Seco",
    "type": "Vin",
    "subtype": "Mousserande",
    "volume": 750.0,
    "pricePerLitre": 59.98667,
    "alcohol": 11.5,
    "price": 44.99,
    "alcoholPerPrice": 0.19170925
  },
  {
    "key": "Monistrol Cava Rose Brut750.011.5",
    "storesList": null,
    "name": "Monistrol Cava Rose Brut",
    "type": "Vin",
    "subtype": "Mousserande",
    "volume": 750.0,
    "pricePerLitre": 59.98667,
    "alcohol": 11.5,
    "price": 44.99,
    "alcoholPerPrice": 0.19170925
  },
  {
    "key": "Chapel Hill Sparkling Chardonnay750.012.0",
    "storesList": null,
    "name": "Chapel Hill Sparkling Chardonnay",
    "type": "Vin",
    "subtype": "Mousserande",
    "volume": 750.0,
    "pricePerLitre": 79.98667,
    "alcohol": 12.0,
    "price": 59.99,
    "alcoholPerPrice": 0.150025
  },
  {
    "key": "Chapel Hill Sparkling Pinot Noir Rose750.012.0",
    "storesList": null,
    "name": "Chapel Hill Sparkling Pinot Noir Rose",
    "type": "Vin",
    "subtype": "Mousserande",
    "volume": 750.0,
    "pricePerLitre": 79.98667,
    "alcohol": 12.0,
    "price": 59.99,
    "alcoholPerPrice": 0.150025
  },
  {
    "key": "Muscat de Saint Jean de Minervois500.015.0",
    "storesList": null,
    "name": "Muscat de Saint Jean de Minervois",
    "type": "Vin",
    "subtype": "Dessertvin",
    "volume": 500.0,
    "pricePerLitre": 99.98,
    "alcohol": 15.0,
    "price": 49.99,
    "alcoholPerPrice": 0.15003
  },
  {
    "key": "Late Harvest Tarapaca500.012.3",
    "storesList": null,
    "name": "Late Harvest Tarapaca",
    "type": "Vin",
    "subtype": "Dessertvin",
    "volume": 500.0,
    "pricePerLitre": 99.98,
    "alcohol": 12.3,
    "price": 49.99,
    "alcoholPerPrice": 0.123024605
  },
  {
    "key": "Taylor's Tawny 10 Års750.020.0",
    "storesList": null,
    "name": "Taylor's Tawny 10 Års",
    "type": "Vin",
    "subtype": "Portvin",
    "volume": 750.0,
    "pricePerLitre": 173.32,
    "alcohol": 20.0,
    "price": 129.99,
    "alcoholPerPrice": 0.11539349
  },
  {
    "key": "Rozes LBV Limited Edition750.020.0",
    "storesList": null,
    "name": "Rozes LBV Limited Edition",
    "type": "Vin",
    "subtype": "Portvin",
    "volume": 750.0,
    "pricePerLitre": 159.98666,
    "alcohol": 20.0,
    "price": 119.99,
    "alcoholPerPrice": 0.12501042
  },
  {
    "key": "Taylor's LBV Port750.020.0",
    "storesList": null,
    "name": "Taylor's LBV Port",
    "type": "Vin",
    "subtype": "Portvin",
    "volume": 750.0,
    "pricePerLitre": 133.32,
    "alcohol": 20.0,
    "price": 99.99,
    "alcoholPerPrice": 0.150015
  },
  {
    "key": "Kopke Tawny 10 Års750.020.0",
    "storesList": null,
    "name": "Kopke Tawny 10 Års",
    "type": "Vin",
    "subtype": "Portvin",
    "volume": 750.0,
    "pricePerLitre": 186.65335,
    "alcohol": 20.0,
    "price": 139.99,
    "alcoholPerPrice": 0.1071505
  },
  {
    "key": "Taylor's Fine Ruby750.020.0",
    "storesList": null,
    "name": "Taylor's Fine Ruby",
    "type": "Vin",
    "subtype": "Portvin",
    "volume": 750.0,
    "pricePerLitre": 93.32,
    "alcohol": 20.0,
    "price": 69.99,
    "alcoholPerPrice": 0.21431634
  },
  {
    "key": "Rozes Tawny750.020.0",
    "storesList": null,
    "name": "Rozes Tawny",
    "type": "Vin",
    "subtype": "Portvin",
    "volume": 750.0,
    "pricePerLitre": 86.653336,
    "alcohol": 20.0,
    "price": 64.99,
    "alcoholPerPrice": 0.23080473
  },
  {
    "key": "Taylor's Fine Tawny Port750.020.0",
    "storesList": null,
    "name": "Taylor's Fine Tawny Port",
    "type": "Vin",
    "subtype": "Portvin",
    "volume": 750.0,
    "pricePerLitre": 93.32,
    "alcohol": 20.0,
    "price": 69.99,
    "alcoholPerPrice": 0.21431634
  },
  {
    "key": "Kopke Fine Tawny750.020.0",
    "storesList": null,
    "name": "Kopke Fine Tawny",
    "type": "Vin",
    "subtype": "Portvin",
    "volume": 750.0,
    "pricePerLitre": 93.32,
    "alcohol": 20.0,
    "price": 69.99,
    "alcoholPerPrice": 0.21431634
  },
  {
    "key": "Quinta do Pego LBV750.020.0",
    "storesList": null,
    "name": "Quinta do Pego LBV",
    "type": "Vin",
    "subtype": "Portvin",
    "volume": 750.0,
    "pricePerLitre": 133.32,
    "alcohol": 20.0,
    "price": 99.99,
    "alcoholPerPrice": 0.150015
  },
  {
    "key": "Sandeman Tawny Porto750.019.5",
    "storesList": null,
    "name": "Sandeman Tawny Porto",
    "type": "Vin",
    "subtype": "Portvin",
    "volume": 750.0,
    "pricePerLitre": 106.653336,
    "alcohol": 19.5,
    "price": 79.99,
    "alcoholPerPrice": 0.18283536
  },
  {
    "key": "Rozes LBV750.020.0",
    "storesList": null,
    "name": "Rozes LBV",
    "type": "Vin",
    "subtype": "Portvin",
    "volume": 750.0,
    "pricePerLitre": 133.32,
    "alcohol": 20.0,
    "price": 99.99,
    "alcoholPerPrice": 0.150015
  },
  {
    "key": "Kopke Fine Ruby750.020.0",
    "storesList": null,
    "name": "Kopke Fine Ruby",
    "type": "Vin",
    "subtype": "Portvin",
    "volume": 750.0,
    "pricePerLitre": 93.32,
    "alcohol": 20.0,
    "price": 69.99,
    "alcoholPerPrice": 0.21431634
  },
  {
    "key": "Rozes Ruby750.020.0",
    "storesList": null,
    "name": "Rozes Ruby",
    "type": "Vin",
    "subtype": "Portvin",
    "volume": 750.0,
    "pricePerLitre": 86.653336,
    "alcohol": 20.0,
    "price": 64.99,
    "alcoholPerPrice": 0.23080473
  },
  {
    "key": "Taylor's special White Port750.020.0",
    "storesList": null,
    "name": "Taylor's special White Port",
    "type": "Vin",
    "subtype": "Portvin",
    "volume": 750.0,
    "pricePerLitre": 93.32,
    "alcohol": 20.0,
    "price": 69.99,
    "alcoholPerPrice": 0.21431634
  },
  {
    "key": "Marsala Fine I.P. Dry750.017.0",
    "storesList": null,
    "name": "Marsala Fine I.P. Dry",
    "type": "Vin",
    "subtype": "Portvin",
    "volume": 750.0,
    "pricePerLitre": 66.653336,
    "alcohol": 17.0,
    "price": 49.99,
    "alcoholPerPrice": 0.255051
  },
  {
    "key": "Kopke Fine white750.020.0",
    "storesList": null,
    "name": "Kopke Fine white",
    "type": "Vin",
    "subtype": "Portvin",
    "volume": 750.0,
    "pricePerLitre": 93.32,
    "alcohol": 20.0,
    "price": 69.99,
    "alcoholPerPrice": 0.21431634
  },
  {
    "key": "Sandeman Medium Sweet Sherry750.015.0",
    "storesList": null,
    "name": "Sandeman Medium Sweet Sherry",
    "type": "Vin",
    "subtype": "Portvin",
    "volume": 750.0,
    "pricePerLitre": 66.653336,
    "alcohol": 15.0,
    "price": 49.99,
    "alcoholPerPrice": 0.225045
  },
  {
    "key": "Rozes White750.020.0",
    "storesList": null,
    "name": "Rozes White",
    "type": "Vin",
    "subtype": "Portvin",
    "volume": 750.0,
    "pricePerLitre": 86.653336,
    "alcohol": 20.0,
    "price": 64.99,
    "alcoholPerPrice": 0.23080473
  },
  {
    "key": "Kopke LBV750.020.0",
    "storesList": null,
    "name": "Kopke LBV",
    "type": "Vin",
    "subtype": "Portvin",
    "volume": 750.0,
    "pricePerLitre": 133.32,
    "alcohol": 20.0,
    "price": 99.99,
    "alcoholPerPrice": 0.150015
  },
  {
    "key": "Absinthe Rodnik's700.070.0",
    "storesList": null,
    "name": "Absinthe Rodnik's",
    "type": "Sprit",
    "subtype": "Absint",
    "volume": 700.0,
    "pricePerLitre": 214.27144,
    "alcohol": 70.0,
    "price": 149.99,
    "alcoholPerPrice": 0.32668844
  },
  {
    "key": "Absinth Mr. Jekyll700.055.0",
    "storesList": null,
    "name": "Absinth Mr. Jekyll",
    "type": "Sprit",
    "subtype": "Absint",
    "volume": 700.0,
    "pricePerLitre": 142.84286,
    "alcohol": 55.0,
    "price": 99.99,
    "alcoholPerPrice": 0.3850385
  },
  {
    "key": "Absinth Abtshof500.066.0",
    "storesList": null,
    "name": "Absinth Abtshof",
    "type": "Sprit",
    "subtype": "Absint",
    "volume": 500.0,
    "pricePerLitre": 411.98,
    "alcohol": 66.0,
    "price": 205.99,
    "alcoholPerPrice": 0.16020195
  },
  {
    "key": "Aalborg Taffel Akvavit Rød700.045.0",
    "storesList": null,
    "name": "Aalborg Taffel Akvavit Rød",
    "type": "Sprit",
    "subtype": "Akvavit",
    "volume": 700.0,
    "pricePerLitre": 128.55714,
    "alcohol": 45.0,
    "price": 89.99,
    "alcoholPerPrice": 0.3500389
  },
  {
    "key": "Linie Akvavit700.041.5",
    "storesList": null,
    "name": "Linie Akvavit",
    "type": "Sprit",
    "subtype": "Akvavit",
    "volume": 700.0,
    "pricePerLitre": 157.12857,
    "alcohol": 41.5,
    "price": 109.99,
    "alcoholPerPrice": 0.26411492
  },
  {
    "key": "O.P. Anderson Aquavi1000.040.0",
    "storesList": null,
    "name": "O.P. Anderson Aquavi",
    "type": "Sprit",
    "subtype": "Akvavit",
    "volume": 1000.0,
    "pricePerLitre": 111.68,
    "alcohol": 40.0,
    "price": 111.68,
    "alcoholPerPrice": 0.3581662
  },
  {
    "key": "O.P. Anderson700.040.0",
    "storesList": null,
    "name": "O.P. Anderson",
    "type": "Sprit",
    "subtype": "Akvavit",
    "volume": 700.0,
    "pricePerLitre": 128.55714,
    "alcohol": 40.0,
    "price": 89.99,
    "alcoholPerPrice": 0.3111457
  },
  {
    "key": "Aalborg Taffel Akvavit Rø1000.045.0",
    "storesList": null,
    "name": "Aalborg Taffel Akvavit Rø",
    "type": "Sprit",
    "subtype": "Akvavit",
    "volume": 1000.0,
    "pricePerLitre": 119.13,
    "alcohol": 45.0,
    "price": 119.13,
    "alcoholPerPrice": 0.37773862
  },
  {
    "key": "Linie Akvavit1000.041.5",
    "storesList": null,
    "name": "Linie Akvavit",
    "type": "Sprit",
    "subtype": "Akvavit",
    "volume": 1000.0,
    "pricePerLitre": 163.83,
    "alcohol": 41.5,
    "price": 163.83,
    "alcoholPerPrice": 0.25331137
  },
  {
    "key": "Brøndums Snaps700.040.0",
    "storesList": null,
    "name": "Brøndums Snaps",
    "type": "Sprit",
    "subtype": "Akvavit",
    "volume": 700.0,
    "pricePerLitre": 111.1,
    "alcohol": 40.0,
    "price": 77.77,
    "alcoholPerPrice": 0.36003602
  },
  {
    "key": "Aalborg Jubilæums Akvavi1000.040.0",
    "storesList": null,
    "name": "Aalborg Jubilæums Akvavi",
    "type": "Sprit",
    "subtype": "Akvavit",
    "volume": 1000.0,
    "pricePerLitre": 149.99,
    "alcohol": 40.0,
    "price": 149.99,
    "alcoholPerPrice": 0.26668444
  },
  {
    "key": "O.P. Anderson Juleakvavit700.040.0",
    "storesList": null,
    "name": "O.P. Anderson Juleakvavit",
    "type": "Sprit",
    "subtype": "Akvavit",
    "volume": 700.0,
    "pricePerLitre": 171.41429,
    "alcohol": 40.0,
    "price": 119.99,
    "alcoholPerPrice": 0.23335277
  },
  {
    "key": "Aalborg Export Akvavit700.038.0",
    "storesList": null,
    "name": "Aalborg Export Akvavit",
    "type": "Sprit",
    "subtype": "Akvavit",
    "volume": 700.0,
    "pricePerLitre": 111.1,
    "alcohol": 38.0,
    "price": 77.77,
    "alcoholPerPrice": 0.34203422
  },
  {
    "key": "Aalborg Porse Snaps700.040.0",
    "storesList": null,
    "name": "Aalborg Porse Snaps",
    "type": "Sprit",
    "subtype": "Akvavit",
    "volume": 700.0,
    "pricePerLitre": 128.55714,
    "alcohol": 40.0,
    "price": 89.99,
    "alcoholPerPrice": 0.3111457
  },
  {
    "key": "Brøndums Snaps Klar700.040.0",
    "storesList": null,
    "name": "Brøndums Snaps Klar",
    "type": "Sprit",
    "subtype": "Akvavit",
    "volume": 700.0,
    "pricePerLitre": 111.1,
    "alcohol": 40.0,
    "price": 77.77,
    "alcoholPerPrice": 0.36003602
  },
  {
    "key": "Aalborg Nordguld Akvavit700.040.0",
    "storesList": null,
    "name": "Aalborg Nordguld Akvavit",
    "type": "Sprit",
    "subtype": "Akvavit",
    "volume": 700.0,
    "pricePerLitre": 185.70001,
    "alcohol": 40.0,
    "price": 129.99,
    "alcoholPerPrice": 0.21540117
  },
  {
    "key": "Aalborg Fad700.037.5",
    "storesList": null,
    "name": "Aalborg Fad",
    "type": "Sprit",
    "subtype": "Akvavit",
    "volume": 700.0,
    "pricePerLitre": 128.55714,
    "alcohol": 37.5,
    "price": 89.99,
    "alcoholPerPrice": 0.29169908
  },
  {
    "key": "O.P. Anderson Petronella700.030.0",
    "storesList": null,
    "name": "O.P. Anderson Petronella",
    "type": "Sprit",
    "subtype": "Akvavit",
    "volume": 700.0,
    "pricePerLitre": 128.55714,
    "alcohol": 30.0,
    "price": 89.99,
    "alcoholPerPrice": 0.23335926
  },
  {
    "key": "Brøndums Kryddersnapse Rabarber/Ingefær500.030.0",
    "storesList": null,
    "name": "Brøndums Kryddersnapse Rabarber/Ingefær",
    "type": "Sprit",
    "subtype": "Akvavit",
    "volume": 500.0,
    "pricePerLitre": 159.98,
    "alcohol": 30.0,
    "price": 79.99,
    "alcoholPerPrice": 0.18752344
  },
  {
    "key": "Aalborg Dild Akvavit700.038.0",
    "storesList": null,
    "name": "Aalborg Dild Akvavit",
    "type": "Sprit",
    "subtype": "Akvavit",
    "volume": 700.0,
    "pricePerLitre": 128.55714,
    "alcohol": 38.0,
    "price": 89.99,
    "alcoholPerPrice": 0.2955884
  },
  {
    "key": "O.P. Anderson Minipack 40500.040.0",
    "storesList": null,
    "name": "O.P. Anderson Minipack 40",
    "type": "Sprit",
    "subtype": "Akvavit",
    "volume": 500.0,
    "pricePerLitre": 199.98,
    "alcohol": 40.0,
    "price": 99.99,
    "alcoholPerPrice": 0.20002
  },
  {
    "key": "Brøndums Fadlagret700.038.0",
    "storesList": null,
    "name": "Brøndums Fadlagret",
    "type": "Sprit",
    "subtype": "Akvavit",
    "volume": 700.0,
    "pricePerLitre": 142.84286,
    "alcohol": 38.0,
    "price": 99.99,
    "alcoholPerPrice": 0.2660266
  },
  {
    "key": "Brøndums Kryddersnapse Æble/Timian500.030.0",
    "storesList": null,
    "name": "Brøndums Kryddersnapse Æble/Timian",
    "type": "Sprit",
    "subtype": "Akvavit",
    "volume": 500.0,
    "pricePerLitre": 159.98,
    "alcohol": 30.0,
    "price": 79.99,
    "alcoholPerPrice": 0.18752344
  },
  {
    "key": "Skåne Akvavi1000.038.0",
    "storesList": null,
    "name": "Skåne Akvavi",
    "type": "Sprit",
    "subtype": "Akvavit",
    "volume": 1000.0,
    "pricePerLitre": 104.23,
    "alcohol": 38.0,
    "price": 104.23,
    "alcoholPerPrice": 0.36457834
  },
  {
    "key": "Frøken Nielsen Sommerdram500.038.0",
    "storesList": null,
    "name": "Frøken Nielsen Sommerdram",
    "type": "Sprit",
    "subtype": "Akvavit",
    "volume": 500.0,
    "pricePerLitre": 159.98,
    "alcohol": 38.0,
    "price": 79.99,
    "alcoholPerPrice": 0.2375297
  },
  {
    "key": "O.P. Anderson Økologisk kla1000.040.0",
    "storesList": null,
    "name": "O.P. Anderson Økologisk kla",
    "type": "Sprit",
    "subtype": "Akvavit",
    "volume": 1000.0,
    "pricePerLitre": 119.99,
    "alcohol": 40.0,
    "price": 119.99,
    "alcoholPerPrice": 0.33336112
  },
  {
    "key": "Bommerlunder Akvavit700.038.0",
    "storesList": null,
    "name": "Bommerlunder Akvavit",
    "type": "Sprit",
    "subtype": "Akvavit",
    "volume": 700.0,
    "pricePerLitre": 107.12857,
    "alcohol": 38.0,
    "price": 74.99,
    "alcoholPerPrice": 0.35471398
  },
  {
    "key": "Aalborg Grill Akvavit700.037.5",
    "storesList": null,
    "name": "Aalborg Grill Akvavit",
    "type": "Sprit",
    "subtype": "Akvavit",
    "volume": 700.0,
    "pricePerLitre": 157.12857,
    "alcohol": 37.5,
    "price": 109.99,
    "alcoholPerPrice": 0.23865806
  },
  {
    "key": "Aalborg Basis500.035.0",
    "storesList": null,
    "name": "Aalborg Basis",
    "type": "Sprit",
    "subtype": "Akvavit",
    "volume": 500.0,
    "pricePerLitre": 149.98,
    "alcohol": 35.0,
    "price": 74.99,
    "alcoholPerPrice": 0.23336445
  },
  {
    "key": "Æblesnaps700.021.8",
    "storesList": null,
    "name": "Æblesnaps",
    "type": "Sprit",
    "subtype": "Akvavit",
    "volume": 700.0,
    "pricePerLitre": 68.557144,
    "alcohol": 21.8,
    "price": 47.99,
    "alcoholPerPrice": 0.31798288
  },
  {
    "key": "Svenska Nubbar Reimersholm500000.039.0",
    "storesList": null,
    "name": "Svenska Nubbar Reimersholm",
    "type": "Sprit",
    "subtype": "Akvavit",
    "volume": 500000.0,
    "pricePerLitre": 0.19998,
    "alcohol": 39.0,
    "price": 99.99,
    "alcoholPerPrice": 195.0195
  },
  {
    "key": "Hallands Fläder Akvavi7000.038.0",
    "storesList": null,
    "name": "Hallands Fläder Akvavi",
    "type": "Sprit",
    "subtype": "Akvavit",
    "volume": 7000.0,
    "pricePerLitre": 11.427143,
    "alcohol": 38.0,
    "price": 79.99,
    "alcoholPerPrice": 3.3254156
  },
  {
    "key": "Skärgårdssnapsar500.036.2",
    "storesList": null,
    "name": "Skärgårdssnapsar",
    "type": "Sprit",
    "subtype": "Akvavit",
    "volume": 500.0,
    "pricePerLitre": 178.66,
    "alcohol": 36.2,
    "price": 89.33,
    "alcoholPerPrice": 0.20261951
  },
  {
    "key": "Nordkap Akvavit700.037.5",
    "storesList": null,
    "name": "Nordkap Akvavit",
    "type": "Sprit",
    "subtype": "Akvavit",
    "volume": 700.0,
    "pricePerLitre": 128.55714,
    "alcohol": 37.5,
    "price": 89.99,
    "alcoholPerPrice": 0.29169908
  },
  {
    "key": "Oldesloer Korn700.032.0",
    "storesList": null,
    "name": "Oldesloer Korn",
    "type": "Sprit",
    "subtype": "Akvavit",
    "volume": 700.0,
    "pricePerLitre": 85.700005,
    "alcohol": 32.0,
    "price": 59.99,
    "alcoholPerPrice": 0.37339553
  },
  {
    "key": "Holger Danske Guld700.040.0",
    "storesList": null,
    "name": "Holger Danske Guld",
    "type": "Sprit",
    "subtype": "Akvavit",
    "volume": 700.0,
    "pricePerLitre": 99.98571,
    "alcohol": 40.0,
    "price": 69.99,
    "alcoholPerPrice": 0.40005717
  },
  {
    "key": "Skanör Aquavit500.040.0",
    "storesList": null,
    "name": "Skanör Aquavit",
    "type": "Sprit",
    "subtype": "Akvavit",
    "volume": 500.0,
    "pricePerLitre": 149.98,
    "alcohol": 40.0,
    "price": 74.99,
    "alcoholPerPrice": 0.26670223
  },
  {
    "key": "Utö økologisk500.038.0",
    "storesList": null,
    "name": "Utö økologisk",
    "type": "Sprit",
    "subtype": "Akvavit",
    "volume": 500.0,
    "pricePerLitre": 139.98,
    "alcohol": 38.0,
    "price": 69.99,
    "alcoholPerPrice": 0.27146736
  },
  {
    "key": "Kallsuppen Aquavit500.038.0",
    "storesList": null,
    "name": "Kallsuppen Aquavit",
    "type": "Sprit",
    "subtype": "Akvavit",
    "volume": 500.0,
    "pricePerLitre": 129.98,
    "alcohol": 38.0,
    "price": 64.99,
    "alcoholPerPrice": 0.29235268
  },
  {
    "key": "Mackmyra Vit Hund500.046.1",
    "storesList": null,
    "name": "Mackmyra Vit Hund",
    "type": "Sprit",
    "subtype": "Akvavit",
    "volume": 500.0,
    "pricePerLitre": 519.98,
    "alcohol": 46.1,
    "price": 259.99,
    "alcoholPerPrice": 0.08865726
  },
  {
    "key": "Bäska Droppar Akvavit500.040.0",
    "storesList": null,
    "name": "Bäska Droppar Akvavit",
    "type": "Sprit",
    "subtype": "Akvavit",
    "volume": 500.0,
    "pricePerLitre": 159.98,
    "alcohol": 40.0,
    "price": 79.99,
    "alcoholPerPrice": 0.25003126
  },
  {
    "key": "Herrgårds Akvavit500.040.0",
    "storesList": null,
    "name": "Herrgårds Akvavit",
    "type": "Sprit",
    "subtype": "Akvavit",
    "volume": 500.0,
    "pricePerLitre": 159.98,
    "alcohol": 40.0,
    "price": 79.99,
    "alcoholPerPrice": 0.25003126
  },
  {
    "key": "Berentzen Æblesnap1000.018.0",
    "storesList": null,
    "name": "Berentzen Æblesnap",
    "type": "Sprit",
    "subtype": "Akvavit",
    "volume": 1000.0,
    "pricePerLitre": 69.99,
    "alcohol": 18.0,
    "price": 69.99,
    "alcoholPerPrice": 0.25717962
  },
  {
    "key": "Piratens Akvavit700.040.0",
    "storesList": null,
    "name": "Piratens Akvavit",
    "type": "Sprit",
    "subtype": "Akvavit",
    "volume": 700.0,
    "pricePerLitre": 128.55714,
    "alcohol": 40.0,
    "price": 89.99,
    "alcoholPerPrice": 0.3111457
  },
  {
    "key": "Underber600000.044.0",
    "storesList": null,
    "name": "Underber",
    "type": "Sprit",
    "subtype": "Bitter",
    "volume": 600000.0,
    "pricePerLitre": 0.24821666,
    "alcohol": 44.0,
    "price": 148.93,
    "alcoholPerPrice": 177.2645
  },
  {
    "key": "Jägermeiste1000.035.0",
    "storesList": null,
    "name": "Jägermeiste",
    "type": "Sprit",
    "subtype": "Bitter",
    "volume": 1000.0,
    "pricePerLitre": 109.99,
    "alcohol": 35.0,
    "price": 109.99,
    "alcoholPerPrice": 0.31821075
  },
  {
    "key": "Jägermeister700.035.0",
    "storesList": null,
    "name": "Jägermeister",
    "type": "Sprit",
    "subtype": "Bitter",
    "volume": 700.0,
    "pricePerLitre": 142.84286,
    "alcohol": 35.0,
    "price": 99.99,
    "alcoholPerPrice": 0.24502449
  },
  {
    "key": "Gammel Dansk700.038.0",
    "storesList": null,
    "name": "Gammel Dansk",
    "type": "Sprit",
    "subtype": "Bitter",
    "volume": 700.0,
    "pricePerLitre": 128.55714,
    "alcohol": 38.0,
    "price": 89.99,
    "alcoholPerPrice": 0.2955884
  },
  {
    "key": "Fernet Branc1000.039.0",
    "storesList": null,
    "name": "Fernet Branc",
    "type": "Sprit",
    "subtype": "Bitter",
    "volume": 1000.0,
    "pricePerLitre": 149.99,
    "alcohol": 39.0,
    "price": 149.99,
    "alcoholPerPrice": 0.26001734
  },
  {
    "key": "1-Enkel1000.035.0",
    "storesList": null,
    "name": "1-Enkel",
    "type": "Sprit",
    "subtype": "Bitter",
    "volume": 1000.0,
    "pricePerLitre": 139.99,
    "alcohol": 35.0,
    "price": 139.99,
    "alcoholPerPrice": 0.25001785
  },
  {
    "key": "Gammel Dans1000.038.0",
    "storesList": null,
    "name": "Gammel Dans",
    "type": "Sprit",
    "subtype": "Bitter",
    "volume": 1000.0,
    "pricePerLitre": 139.99,
    "alcohol": 38.0,
    "price": 139.99,
    "alcoholPerPrice": 0.27144796
  },
  {
    "key": "Dr. Nielsens Bitter700.038.0",
    "storesList": null,
    "name": "Dr. Nielsens Bitter",
    "type": "Sprit",
    "subtype": "Bitter",
    "volume": 700.0,
    "pricePerLitre": 135.7,
    "alcohol": 38.0,
    "price": 94.99,
    "alcoholPerPrice": 0.28002948
  },
  {
    "key": "Fernet Branca700.039.0",
    "storesList": null,
    "name": "Fernet Branca",
    "type": "Sprit",
    "subtype": "Bitter",
    "volume": 700.0,
    "pricePerLitre": 157.12857,
    "alcohol": 39.0,
    "price": 109.99,
    "alcoholPerPrice": 0.24820438
  },
  {
    "key": "Jägermeister 3179.9999835.0",
    "storesList": null,
    "name": "Jägermeister 3",
    "type": "Sprit",
    "subtype": "Bitter",
    "volume": 179.99998,
    "pricePerLitre": 277.72226,
    "alcohol": 35.0,
    "price": 49.99,
    "alcoholPerPrice": 0.12602518
  },
  {
    "key": "Underber240000.044.0",
    "storesList": null,
    "name": "Underber",
    "type": "Sprit",
    "subtype": "Bitter",
    "volume": 240000.0,
    "pricePerLitre": 0.31245834,
    "alcohol": 44.0,
    "price": 74.99,
    "alcoholPerPrice": 140.81877
  },
  {
    "key": "Valhalla Bitter by Koskenkorv1000.035.0",
    "storesList": null,
    "name": "Valhalla Bitter by Koskenkorv",
    "type": "Sprit",
    "subtype": "Bitter",
    "volume": 1000.0,
    "pricePerLitre": 119.99,
    "alcohol": 35.0,
    "price": 119.99,
    "alcoholPerPrice": 0.29169098
  },
  {
    "key": "Boonekam80000.044.0",
    "storesList": null,
    "name": "Boonekam",
    "type": "Sprit",
    "subtype": "Bitter",
    "volume": 80000.0,
    "pricePerLitre": 0.149875,
    "alcohol": 44.0,
    "price": 11.99,
    "alcoholPerPrice": 293.57797
  },
  {
    "key": "Fernet Branca Ment1000.028.0",
    "storesList": null,
    "name": "Fernet Branca Ment",
    "type": "Sprit",
    "subtype": "Bitter",
    "volume": 1000.0,
    "pricePerLitre": 149.99,
    "alcohol": 28.0,
    "price": 149.99,
    "alcoholPerPrice": 0.18667911
  },
  {
    "key": "Nordsø Bitter700.030.0",
    "storesList": null,
    "name": "Nordsø Bitter",
    "type": "Sprit",
    "subtype": "Bitter",
    "volume": 700.0,
    "pricePerLitre": 142.84286,
    "alcohol": 30.0,
    "price": 99.99,
    "alcoholPerPrice": 0.21002099
  },
  {
    "key": "Arnbitter700.050.0",
    "storesList": null,
    "name": "Arnbitter",
    "type": "Sprit",
    "subtype": "Bitter",
    "volume": 700.0,
    "pricePerLitre": 199.98573,
    "alcohol": 50.0,
    "price": 139.99,
    "alcoholPerPrice": 0.25001782
  },
  {
    "key": "Jagdtraum Urtelikør700.035.0",
    "storesList": null,
    "name": "Jagdtraum Urtelikør",
    "type": "Sprit",
    "subtype": "Bitter",
    "volume": 700.0,
    "pricePerLitre": 85.700005,
    "alcohol": 35.0,
    "price": 59.99,
    "alcoholPerPrice": 0.40840137
  },
  {
    "key": "Fernet Branca Menta700.028.0",
    "storesList": null,
    "name": "Fernet Branca Menta",
    "type": "Sprit",
    "subtype": "Bitter",
    "volume": 700.0,
    "pricePerLitre": 157.12857,
    "alcohol": 28.0,
    "price": 109.99,
    "alcoholPerPrice": 0.17819802
  },
  {
    "key": "Gammel Dansk Halvbitter Honning Lakrids700.030.0",
    "storesList": null,
    "name": "Gammel Dansk Halvbitter Honning Lakrids",
    "type": "Sprit",
    "subtype": "Bitter",
    "volume": 700.0,
    "pricePerLitre": 128.55714,
    "alcohol": 30.0,
    "price": 89.99,
    "alcoholPerPrice": 0.23335926
  },
  {
    "key": "Jägermeister Magnumflaske1750.035.0",
    "storesList": null,
    "name": "Jägermeister Magnumflaske",
    "type": "Sprit",
    "subtype": "Bitter",
    "volume": 1750.0,
    "pricePerLitre": 142.85144,
    "alcohol": 35.0,
    "price": 249.99,
    "alcoholPerPrice": 0.24500978
  },
  {
    "key": "Underber80000.044.0",
    "storesList": null,
    "name": "Underber",
    "type": "Sprit",
    "subtype": "Bitter",
    "volume": 80000.0,
    "pricePerLitre": 0.324875,
    "alcohol": 44.0,
    "price": 25.99,
    "alcoholPerPrice": 135.4367
  },
  {
    "key": "Fernet Branca 360.039.0",
    "storesList": null,
    "name": "Fernet Branca 3",
    "type": "Sprit",
    "subtype": "Bitter",
    "volume": 60.0,
    "pricePerLitre": 416.49997,
    "alcohol": 39.0,
    "price": 24.99,
    "alcoholPerPrice": 0.09363746
  },
  {
    "key": "Jägermeister Scharf700.033.0",
    "storesList": null,
    "name": "Jägermeister Scharf",
    "type": "Sprit",
    "subtype": "Bitter",
    "volume": 700.0,
    "pricePerLitre": 142.84286,
    "alcohol": 33.0,
    "price": 99.99,
    "alcoholPerPrice": 0.23102309
  },
  {
    "key": "Jägermeister Cool PET350.035.0",
    "storesList": null,
    "name": "Jägermeister Cool PET",
    "type": "Sprit",
    "subtype": "Bitter",
    "volume": 350.0,
    "pricePerLitre": 185.68571,
    "alcohol": 35.0,
    "price": 64.99,
    "alcoholPerPrice": 0.18849054
  },
  {
    "key": "Fernet Branc3000.039.0",
    "storesList": null,
    "name": "Fernet Branc",
    "type": "Sprit",
    "subtype": "Bitter",
    "volume": 3000.0,
    "pricePerLitre": 166.66333,
    "alcohol": 39.0,
    "price": 499.99,
    "alcoholPerPrice": 0.23400469
  },
  {
    "key": "Kümmerlin240000.035.0",
    "storesList": null,
    "name": "Kümmerlin",
    "type": "Sprit",
    "subtype": "Bitter",
    "volume": 240000.0,
    "pricePerLitre": 0.20829168,
    "alcohol": 35.0,
    "price": 49.99,
    "alcoholPerPrice": 168.0336
  },
  {
    "key": "Jägermeister Lommelærke100.035.0",
    "storesList": null,
    "name": "Jägermeister Lommelærke",
    "type": "Sprit",
    "subtype": "Bitter",
    "volume": 100.0,
    "pricePerLitre": 199.9,
    "alcohol": 35.0,
    "price": 19.99,
    "alcoholPerPrice": 0.17508756
  },
  {
    "key": "Gammel Dansk 389.9999938.0",
    "storesList": null,
    "name": "Gammel Dansk 3",
    "type": "Sprit",
    "subtype": "Bitter",
    "volume": 89.99999,
    "pricePerLitre": 444.33337,
    "alcohol": 38.0,
    "price": 39.99,
    "alcoholPerPrice": 0.08552137
  },
  {
    "key": "Jägermeister Miniature40.035.0",
    "storesList": null,
    "name": "Jägermeister Miniature",
    "type": "Sprit",
    "subtype": "Bitter",
    "volume": 40.0,
    "pricePerLitre": 249.75,
    "alcohol": 35.0,
    "price": 9.99,
    "alcoholPerPrice": 0.14014015
  },
  {
    "key": "Ratzeputz700.058.0",
    "storesList": null,
    "name": "Ratzeputz",
    "type": "Sprit",
    "subtype": "Bitter",
    "volume": 700.0,
    "pricePerLitre": 285.7,
    "alcohol": 58.0,
    "price": 199.99,
    "alcoholPerPrice": 0.20301014
  },
  {
    "key": "Helbing Kümmel700.035.0",
    "storesList": null,
    "name": "Helbing Kümmel",
    "type": "Sprit",
    "subtype": "Bitter",
    "volume": 700.0,
    "pricePerLitre": 99.98571,
    "alcohol": 35.0,
    "price": 69.99,
    "alcoholPerPrice": 0.35005003
  },
  {
    "key": "Mooseshot50.037.5",
    "storesList": null,
    "name": "Mooseshot",
    "type": "Sprit",
    "subtype": "Bitter",
    "volume": 50.0,
    "pricePerLitre": 299.8,
    "alcohol": 37.5,
    "price": 14.99,
    "alcoholPerPrice": 0.12508339
  },
  {
    "key": "1-Enkelt Miniatureflasker 35%60.035.0",
    "storesList": null,
    "name": "1-Enkelt Miniatureflasker 35%",
    "type": "Sprit",
    "subtype": "Bitter",
    "volume": 60.0,
    "pricePerLitre": 499.8333,
    "alcohol": 35.0,
    "price": 29.99,
    "alcoholPerPrice": 0.07002334
  },
  {
    "key": "Schierker Feuerstein20.035.0",
    "storesList": null,
    "name": "Schierker Feuerstein",
    "type": "Sprit",
    "subtype": "Bitter",
    "volume": 20.0,
    "pricePerLitre": 299.5,
    "alcohol": 35.0,
    "price": 5.99,
    "alcoholPerPrice": 0.11686143
  },
  {
    "key": "Kümmerling500.035.0",
    "storesList": null,
    "name": "Kümmerling",
    "type": "Sprit",
    "subtype": "Bitter",
    "volume": 500.0,
    "pricePerLitre": 119.98,
    "alcohol": 35.0,
    "price": 59.99,
    "alcoholPerPrice": 0.29171526
  },
  {
    "key": "Boonekamp Bitter700.021.8",
    "storesList": null,
    "name": "Boonekamp Bitter",
    "type": "Sprit",
    "subtype": "Bitter",
    "volume": 700.0,
    "pricePerLitre": 71.41429,
    "alcohol": 21.8,
    "price": 49.99,
    "alcoholPerPrice": 0.30526102
  },
  {
    "key": "De Kuyper Bessen Genever700.020.0",
    "storesList": null,
    "name": "De Kuyper Bessen Genever",
    "type": "Sprit",
    "subtype": "Bitter",
    "volume": 700.0,
    "pricePerLitre": 85.700005,
    "alcohol": 20.0,
    "price": 59.99,
    "alcoholPerPrice": 0.23337221
  },
  {
    "key": "Mooseshot500.037.5",
    "storesList": null,
    "name": "Mooseshot",
    "type": "Sprit",
    "subtype": "Bitter",
    "volume": 500.0,
    "pricePerLitre": 159.98,
    "alcohol": 37.5,
    "price": 79.99,
    "alcoholPerPrice": 0.23440431
  },
  {
    "key": "Gammel Dansk3000.038.0",
    "storesList": null,
    "name": "Gammel Dansk",
    "type": "Sprit",
    "subtype": "Bitter",
    "volume": 3000.0,
    "pricePerLitre": 166.66333,
    "alcohol": 38.0,
    "price": 499.99,
    "alcoholPerPrice": 0.22800456
  },
  {
    "key": "Metaxa 7 Stjernet700.042.0",
    "storesList": null,
    "name": "Metaxa 7 Stjernet",
    "type": "Sprit",
    "subtype": "Brandy",
    "volume": 700.0,
    "pricePerLitre": 171.41429,
    "alcohol": 42.0,
    "price": 119.99,
    "alcoholPerPrice": 0.2450204
  },
  {
    "key": "Napoleon Le Cuvier VSOP Brand1000.036.0",
    "storesList": null,
    "name": "Napoleon Le Cuvier VSOP Brand",
    "type": "Sprit",
    "subtype": "Brandy",
    "volume": 1000.0,
    "pricePerLitre": 99.99,
    "alcohol": 36.0,
    "price": 99.99,
    "alcoholPerPrice": 0.36003602
  },
  {
    "key": "Grandial X.O. Brandy700.036.0",
    "storesList": null,
    "name": "Grandial X.O. Brandy",
    "type": "Sprit",
    "subtype": "Brandy",
    "volume": 700.0,
    "pricePerLitre": 99.98571,
    "alcohol": 36.0,
    "price": 69.99,
    "alcoholPerPrice": 0.36005145
  },
  {
    "key": "Metaxa 5 Stjernet700.038.0",
    "storesList": null,
    "name": "Metaxa 5 Stjernet",
    "type": "Sprit",
    "subtype": "Brandy",
    "volume": 700.0,
    "pricePerLitre": 142.84286,
    "alcohol": 38.0,
    "price": 99.99,
    "alcoholPerPrice": 0.2660266
  },
  {
    "key": "J.P. Chenet Brandy XO700.036.0",
    "storesList": null,
    "name": "J.P. Chenet Brandy XO",
    "type": "Sprit",
    "subtype": "Brandy",
    "volume": 700.0,
    "pricePerLitre": 114.27143,
    "alcohol": 36.0,
    "price": 79.99,
    "alcoholPerPrice": 0.31503937
  },
  {
    "key": "Torres Brand1000.038.0",
    "storesList": null,
    "name": "Torres Brand",
    "type": "Sprit",
    "subtype": "Brandy",
    "volume": 1000.0,
    "pricePerLitre": 149.99,
    "alcohol": 38.0,
    "price": 149.99,
    "alcoholPerPrice": 0.25335023
  },
  {
    "key": "Metaxa 5 Stjern1000.038.0",
    "storesList": null,
    "name": "Metaxa 5 Stjern",
    "type": "Sprit",
    "subtype": "Brandy",
    "volume": 1000.0,
    "pricePerLitre": 139.99,
    "alcohol": 38.0,
    "price": 139.99,
    "alcoholPerPrice": 0.27144796
  },
  {
    "key": "Samvel 1 Brandy i figurflaske350.040.0",
    "storesList": null,
    "name": "Samvel 1 Brandy i figurflaske",
    "type": "Sprit",
    "subtype": "Brandy",
    "volume": 350.0,
    "pricePerLitre": 714.2572,
    "alcohol": 40.0,
    "price": 249.99,
    "alcoholPerPrice": 0.056002237
  },
  {
    "key": "Samvel Brandy Tyr200.040.0",
    "storesList": null,
    "name": "Samvel Brandy Tyr",
    "type": "Sprit",
    "subtype": "Brandy",
    "volume": 200.0,
    "pricePerLitre": 899.95,
    "alcohol": 40.0,
    "price": 179.99,
    "alcoholPerPrice": 0.04444691
  },
  {
    "key": "Samvel Brandy Skorpion200.040.0",
    "storesList": null,
    "name": "Samvel Brandy Skorpion",
    "type": "Sprit",
    "subtype": "Brandy",
    "volume": 200.0,
    "pricePerLitre": 899.95,
    "alcohol": 40.0,
    "price": 179.99,
    "alcoholPerPrice": 0.04444691
  },
  {
    "key": "Metaxa 7 Stjern1000.040.0",
    "storesList": null,
    "name": "Metaxa 7 Stjern",
    "type": "Sprit",
    "subtype": "Brandy",
    "volume": 1000.0,
    "pricePerLitre": 169.99,
    "alcohol": 40.0,
    "price": 169.99,
    "alcoholPerPrice": 0.23530795
  },
  {
    "key": "Stock 84 Brand1000.038.0",
    "storesList": null,
    "name": "Stock 84 Brand",
    "type": "Sprit",
    "subtype": "Brandy",
    "volume": 1000.0,
    "pricePerLitre": 119.99,
    "alcohol": 38.0,
    "price": 119.99,
    "alcoholPerPrice": 0.31669307
  },
  {
    "key": "Napoleon le Chevalier Noir Brandy700.036.0",
    "storesList": null,
    "name": "Napoleon le Chevalier Noir Brandy",
    "type": "Sprit",
    "subtype": "Brandy",
    "volume": 700.0,
    "pricePerLitre": 114.27143,
    "alcohol": 36.0,
    "price": 79.99,
    "alcoholPerPrice": 0.31503937
  },
  {
    "key": "Napoleon Le Cuvier VSOP Weinbrand700.036.0",
    "storesList": null,
    "name": "Napoleon Le Cuvier VSOP Weinbrand",
    "type": "Sprit",
    "subtype": "Brandy",
    "volume": 700.0,
    "pricePerLitre": 99.98571,
    "alcohol": 36.0,
    "price": 69.99,
    "alcoholPerPrice": 0.36005145
  },
  {
    "key": "Samvel 1 Brandy i figurflaske500.040.0",
    "storesList": null,
    "name": "Samvel 1 Brandy i figurflaske",
    "type": "Sprit",
    "subtype": "Brandy",
    "volume": 500.0,
    "pricePerLitre": 499.98,
    "alcohol": 40.0,
    "price": 249.99,
    "alcoholPerPrice": 0.0800032
  },
  {
    "key": "Samvel 1 Brandy i figurflaske200.040.0",
    "storesList": null,
    "name": "Samvel 1 Brandy i figurflaske",
    "type": "Sprit",
    "subtype": "Brandy",
    "volume": 200.0,
    "pricePerLitre": 849.95,
    "alcohol": 40.0,
    "price": 169.99,
    "alcoholPerPrice": 0.047061592
  },
  {
    "key": "Calvados Boulard Grand Solag1000.040.0",
    "storesList": null,
    "name": "Calvados Boulard Grand Solag",
    "type": "Sprit",
    "subtype": "Calvados",
    "volume": 1000.0,
    "pricePerLitre": 199.99,
    "alcohol": 40.0,
    "price": 199.99,
    "alcoholPerPrice": 0.20001
  },
  {
    "key": "Papidoux Calvados XO700.040.0",
    "storesList": null,
    "name": "Papidoux Calvados XO",
    "type": "Sprit",
    "subtype": "Calvados",
    "volume": 700.0,
    "pricePerLitre": 228.55716,
    "alcohol": 40.0,
    "price": 159.99,
    "alcoholPerPrice": 0.17501092
  },
  {
    "key": "Papidoux Calvados VSOP700.040.0",
    "storesList": null,
    "name": "Papidoux Calvados VSOP",
    "type": "Sprit",
    "subtype": "Calvados",
    "volume": 700.0,
    "pricePerLitre": 185.70001,
    "alcohol": 40.0,
    "price": 129.99,
    "alcoholPerPrice": 0.21540117
  },
  {
    "key": "Papidoux Calvados Fine700.040.0",
    "storesList": null,
    "name": "Papidoux Calvados Fine",
    "type": "Sprit",
    "subtype": "Calvados",
    "volume": 700.0,
    "pricePerLitre": 157.12857,
    "alcohol": 40.0,
    "price": 109.99,
    "alcoholPerPrice": 0.2545686
  },
  {
    "key": "Dauphin Calvados700.040.0",
    "storesList": null,
    "name": "Dauphin Calvados",
    "type": "Sprit",
    "subtype": "Calvados",
    "volume": 700.0,
    "pricePerLitre": 157.12857,
    "alcohol": 40.0,
    "price": 109.99,
    "alcoholPerPrice": 0.2545686
  },
  {
    "key": "Renault VSOP700.040.0",
    "storesList": null,
    "name": "Renault VSOP",
    "type": "Sprit",
    "subtype": "Cognac",
    "volume": 700.0,
    "pricePerLitre": 351.1143,
    "alcohol": 40.0,
    "price": 245.78,
    "alcoholPerPrice": 0.11392302
  },
  {
    "key": "De Luze X.O.700.00.4",
    "storesList": null,
    "name": "De Luze X.O.",
    "type": "Sprit",
    "subtype": "Cognac",
    "volume": 700.0,
    "pricePerLitre": 428.55713,
    "alcohol": 0.4,
    "price": 299.99,
    "alcoholPerPrice": 9.333645E-4
  },
  {
    "key": "Remy Martin VSOP700.040.0",
    "storesList": null,
    "name": "Remy Martin VSOP",
    "type": "Sprit",
    "subtype": "Cognac",
    "volume": 700.0,
    "pricePerLitre": 371.41428,
    "alcohol": 40.0,
    "price": 259.99,
    "alcoholPerPrice": 0.10769645
  },
  {
    "key": "Alexandre Leopold XO Cognac700.040.0",
    "storesList": null,
    "name": "Alexandre Leopold XO Cognac",
    "type": "Sprit",
    "subtype": "Cognac",
    "volume": 700.0,
    "pricePerLitre": 244.68571,
    "alcohol": 40.0,
    "price": 171.28,
    "alcoholPerPrice": 0.163475
  },
  {
    "key": "Larsen VSO1000.040.0",
    "storesList": null,
    "name": "Larsen VSO",
    "type": "Sprit",
    "subtype": "Cognac",
    "volume": 1000.0,
    "pricePerLitre": 299.99,
    "alcohol": 40.0,
    "price": 299.99,
    "alcoholPerPrice": 0.13333778
  },
  {
    "key": "Braastad Cognac VSO1000.040.0",
    "storesList": null,
    "name": "Braastad Cognac VSO",
    "type": "Sprit",
    "subtype": "Cognac",
    "volume": 1000.0,
    "pricePerLitre": 269.99,
    "alcohol": 40.0,
    "price": 269.99,
    "alcoholPerPrice": 0.14815365
  },
  {
    "key": "Larsen Cognac V1000.040.0",
    "storesList": null,
    "name": "Larsen Cognac V",
    "type": "Sprit",
    "subtype": "Cognac",
    "volume": 1000.0,
    "pricePerLitre": 199.99,
    "alcohol": 40.0,
    "price": 199.99,
    "alcoholPerPrice": 0.20001
  },
  {
    "key": "Renault Carte Noire Extra Old700.040.0",
    "storesList": null,
    "name": "Renault Carte Noire Extra Old",
    "type": "Sprit",
    "subtype": "Cognac",
    "volume": 700.0,
    "pricePerLitre": 499.98572,
    "alcohol": 40.0,
    "price": 349.99,
    "alcoholPerPrice": 0.080002286
  },
  {
    "key": "Asbach Ural1000.038.0",
    "storesList": null,
    "name": "Asbach Ural",
    "type": "Sprit",
    "subtype": "Cognac",
    "volume": 1000.0,
    "pricePerLitre": 149.99,
    "alcohol": 38.0,
    "price": 149.99,
    "alcoholPerPrice": 0.25335023
  },
  {
    "key": "Martell V.S.700.00.4",
    "storesList": null,
    "name": "Martell V.S.",
    "type": "Sprit",
    "subtype": "Cognac",
    "volume": 700.0,
    "pricePerLitre": 271.4143,
    "alcohol": 0.4,
    "price": 189.99,
    "alcoholPerPrice": 0.0014737616
  },
  {
    "key": "Thor Heyerdahl Cognac Pionee1000.040.0",
    "storesList": null,
    "name": "Thor Heyerdahl Cognac Pionee",
    "type": "Sprit",
    "subtype": "Cognac",
    "volume": 1000.0,
    "pricePerLitre": 249.99,
    "alcohol": 40.0,
    "price": 249.99,
    "alcoholPerPrice": 0.1600064
  },
  {
    "key": "Osborne Veteran1000.030.0",
    "storesList": null,
    "name": "Osborne Veteran",
    "type": "Sprit",
    "subtype": "Cognac",
    "volume": 1000.0,
    "pricePerLitre": 109.99,
    "alcohol": 30.0,
    "price": 109.99,
    "alcoholPerPrice": 0.27275208
  },
  {
    "key": "Prince D´Arignac Armagnac XO700.040.0",
    "storesList": null,
    "name": "Prince D´Arignac Armagnac XO",
    "type": "Sprit",
    "subtype": "Cognac",
    "volume": 700.0,
    "pricePerLitre": 242.84286,
    "alcohol": 40.0,
    "price": 169.99,
    "alcoholPerPrice": 0.16471557
  },
  {
    "key": "Thor Heyerdahl Cognac V1000.040.0",
    "storesList": null,
    "name": "Thor Heyerdahl Cognac V",
    "type": "Sprit",
    "subtype": "Cognac",
    "volume": 1000.0,
    "pricePerLitre": 229.99,
    "alcohol": 40.0,
    "price": 229.99,
    "alcoholPerPrice": 0.1739206
  },
  {
    "key": "Braastad Cognac X1000.040.0",
    "storesList": null,
    "name": "Braastad Cognac X",
    "type": "Sprit",
    "subtype": "Cognac",
    "volume": 1000.0,
    "pricePerLitre": 429.99,
    "alcohol": 40.0,
    "price": 429.99,
    "alcoholPerPrice": 0.09302542
  },
  {
    "key": "De Luze VSOP700.040.0",
    "storesList": null,
    "name": "De Luze VSOP",
    "type": "Sprit",
    "subtype": "Cognac",
    "volume": 700.0,
    "pricePerLitre": 285.7,
    "alcohol": 40.0,
    "price": 199.99,
    "alcoholPerPrice": 0.14000699
  },
  {
    "key": "Renault Avec700.040.0",
    "storesList": null,
    "name": "Renault Avec",
    "type": "Sprit",
    "subtype": "Cognac",
    "volume": 700.0,
    "pricePerLitre": 385.69998,
    "alcohol": 40.0,
    "price": 269.99,
    "alcoholPerPrice": 0.10370755
  },
  {
    "key": "Courvoisier VSOP700.040.0",
    "storesList": null,
    "name": "Courvoisier VSOP",
    "type": "Sprit",
    "subtype": "Cognac",
    "volume": 700.0,
    "pricePerLitre": 342.84286,
    "alcohol": 40.0,
    "price": 239.99,
    "alcoholPerPrice": 0.116671525
  },
  {
    "key": "Gautier VSOP Cognac700.040.0",
    "storesList": null,
    "name": "Gautier VSOP Cognac",
    "type": "Sprit",
    "subtype": "Cognac",
    "volume": 700.0,
    "pricePerLitre": 257.12857,
    "alcohol": 40.0,
    "price": 179.99,
    "alcoholPerPrice": 0.1555642
  },
  {
    "key": "De Luze VS700.040.0",
    "storesList": null,
    "name": "De Luze VS",
    "type": "Sprit",
    "subtype": "Cognac",
    "volume": 700.0,
    "pricePerLitre": 228.55716,
    "alcohol": 40.0,
    "price": 159.99,
    "alcoholPerPrice": 0.17501092
  },
  {
    "key": "Larsen Cognac Anniversary700.040.0",
    "storesList": null,
    "name": "Larsen Cognac Anniversary",
    "type": "Sprit",
    "subtype": "Cognac",
    "volume": 700.0,
    "pricePerLitre": 428.55713,
    "alcohol": 40.0,
    "price": 299.99,
    "alcoholPerPrice": 0.09333645
  },
  {
    "key": "Braastad Cognac V1000.040.0",
    "storesList": null,
    "name": "Braastad Cognac V",
    "type": "Sprit",
    "subtype": "Cognac",
    "volume": 1000.0,
    "pricePerLitre": 229.99,
    "alcohol": 40.0,
    "price": 229.99,
    "alcoholPerPrice": 0.1739206
  },
  {
    "key": "Gautier VS Cognac700.040.0",
    "storesList": null,
    "name": "Gautier VS Cognac",
    "type": "Sprit",
    "subtype": "Cognac",
    "volume": 700.0,
    "pricePerLitre": 228.55716,
    "alcohol": 40.0,
    "price": 159.99,
    "alcoholPerPrice": 0.17501092
  },
  {
    "key": "Asbach Uralt Weinbrand700.038.0",
    "storesList": null,
    "name": "Asbach Uralt Weinbrand",
    "type": "Sprit",
    "subtype": "Cognac",
    "volume": 700.0,
    "pricePerLitre": 157.12857,
    "alcohol": 38.0,
    "price": 109.99,
    "alcoholPerPrice": 0.24184017
  },
  {
    "key": "Grönstedts Cognac VS700.040.0",
    "storesList": null,
    "name": "Grönstedts Cognac VS",
    "type": "Sprit",
    "subtype": "Cognac",
    "volume": 700.0,
    "pricePerLitre": 242.84286,
    "alcohol": 40.0,
    "price": 169.99,
    "alcoholPerPrice": 0.16471557
  },
  {
    "key": "Grönstedts Cognac VSOP700.040.0",
    "storesList": null,
    "name": "Grönstedts Cognac VSOP",
    "type": "Sprit",
    "subtype": "Cognac",
    "volume": 700.0,
    "pricePerLitre": 285.7,
    "alcohol": 40.0,
    "price": 199.99,
    "alcoholPerPrice": 0.14000699
  },
  {
    "key": "Bailey1000.017.0",
    "storesList": null,
    "name": "Bailey",
    "type": "Sprit",
    "subtype": "Creme likör",
    "volume": 1000.0,
    "pricePerLitre": 111.68,
    "alcohol": 17.0,
    "price": 111.68,
    "alcoholPerPrice": 0.15222064
  },
  {
    "key": "Baileys700.017.0",
    "storesList": null,
    "name": "Baileys",
    "type": "Sprit",
    "subtype": "Creme likör",
    "volume": 700.0,
    "pricePerLitre": 142.84286,
    "alcohol": 17.0,
    "price": 99.99,
    "alcoholPerPrice": 0.119011894
  },
  {
    "key": "Dooley's Toffee Liqueu1000.017.0",
    "storesList": null,
    "name": "Dooley's Toffee Liqueu",
    "type": "Sprit",
    "subtype": "Creme likör",
    "volume": 1000.0,
    "pricePerLitre": 99.99,
    "alcohol": 17.0,
    "price": 99.99,
    "alcoholPerPrice": 0.170017
  },
  {
    "key": "Grand Marnier Cordon Roug1000.040.0",
    "storesList": null,
    "name": "Grand Marnier Cordon Roug",
    "type": "Sprit",
    "subtype": "Creme likör",
    "volume": 1000.0,
    "pricePerLitre": 199.99,
    "alcohol": 40.0,
    "price": 199.99,
    "alcoholPerPrice": 0.20001
  },
  {
    "key": "Sheridan's Likør500.015.5",
    "storesList": null,
    "name": "Sheridan's Likør",
    "type": "Sprit",
    "subtype": "Creme likör",
    "volume": 500.0,
    "pricePerLitre": 159.98,
    "alcohol": 15.5,
    "price": 79.99,
    "alcoholPerPrice": 0.09688711
  },
  {
    "key": "Baileys Caramel700.017.0",
    "storesList": null,
    "name": "Baileys Caramel",
    "type": "Sprit",
    "subtype": "Creme likör",
    "volume": 700.0,
    "pricePerLitre": 142.84286,
    "alcohol": 17.0,
    "price": 99.99,
    "alcoholPerPrice": 0.119011894
  },
  {
    "key": "Dooley's1500.017.0",
    "storesList": null,
    "name": "Dooley's",
    "type": "Sprit",
    "subtype": "Creme likör",
    "volume": 1500.0,
    "pricePerLitre": 93.326675,
    "alcohol": 17.0,
    "price": 139.99,
    "alcoholPerPrice": 0.18215585
  },
  {
    "key": "Baileys Strawberries700.017.0",
    "storesList": null,
    "name": "Baileys Strawberries",
    "type": "Sprit",
    "subtype": "Creme likör",
    "volume": 700.0,
    "pricePerLitre": 185.70001,
    "alcohol": 17.0,
    "price": 129.99,
    "alcoholPerPrice": 0.0915455
  },
  {
    "key": "Baileys Chocolat Luxe500.015.7",
    "storesList": null,
    "name": "Baileys Chocolat Luxe",
    "type": "Sprit",
    "subtype": "Creme likör",
    "volume": 500.0,
    "pricePerLitre": 199.98,
    "alcohol": 15.7,
    "price": 99.99,
    "alcoholPerPrice": 0.07850785
  },
  {
    "key": "Dooley's Winter Chocolat1000.015.0",
    "storesList": null,
    "name": "Dooley's Winter Chocolat",
    "type": "Sprit",
    "subtype": "Creme likör",
    "volume": 1000.0,
    "pricePerLitre": 99.99,
    "alcohol": 15.0,
    "price": 99.99,
    "alcoholPerPrice": 0.15001501
  },
  {
    "key": "Amarula Crea1000.017.0",
    "storesList": null,
    "name": "Amarula Crea",
    "type": "Sprit",
    "subtype": "Creme likör",
    "volume": 1000.0,
    "pricePerLitre": 109.99,
    "alcohol": 17.0,
    "price": 109.99,
    "alcoholPerPrice": 0.15455951
  },
  {
    "key": "Baileys Almande700.013.0",
    "storesList": null,
    "name": "Baileys Almande",
    "type": "Sprit",
    "subtype": "Creme likör",
    "volume": 700.0,
    "pricePerLitre": 185.70001,
    "alcohol": 13.0,
    "price": 129.99,
    "alcoholPerPrice": 0.07000538
  },
  {
    "key": "Merrys Irish Crea1000.017.0",
    "storesList": null,
    "name": "Merrys Irish Crea",
    "type": "Sprit",
    "subtype": "Creme likör",
    "volume": 1000.0,
    "pricePerLitre": 79.99,
    "alcohol": 17.0,
    "price": 79.99,
    "alcoholPerPrice": 0.21252657
  },
  {
    "key": "Holiday Whisky Fløde Likør700.017.0",
    "storesList": null,
    "name": "Holiday Whisky Fløde Likør",
    "type": "Sprit",
    "subtype": "Creme likör",
    "volume": 700.0,
    "pricePerLitre": 57.128574,
    "alcohol": 17.0,
    "price": 39.99,
    "alcoholPerPrice": 0.29757437
  },
  {
    "key": "Anthon Berg Crea1000.017.0",
    "storesList": null,
    "name": "Anthon Berg Crea",
    "type": "Sprit",
    "subtype": "Creme likör",
    "volume": 1000.0,
    "pricePerLitre": 88.88,
    "alcohol": 17.0,
    "price": 88.88,
    "alcoholPerPrice": 0.19126913
  },
  {
    "key": "Tequila Ros1000.015.0",
    "storesList": null,
    "name": "Tequila Ros",
    "type": "Sprit",
    "subtype": "Creme likör",
    "volume": 1000.0,
    "pricePerLitre": 169.99,
    "alcohol": 15.0,
    "price": 169.99,
    "alcoholPerPrice": 0.08824048
  },
  {
    "key": "Dooley´s Liquoric1000.015.0",
    "storesList": null,
    "name": "Dooley´s Liquoric",
    "type": "Sprit",
    "subtype": "Creme likör",
    "volume": 1000.0,
    "pricePerLitre": 99.99,
    "alcohol": 15.0,
    "price": 99.99,
    "alcoholPerPrice": 0.15001501
  },
  {
    "key": "Holiday Cream With Rum700.017.0",
    "storesList": null,
    "name": "Holiday Cream With Rum",
    "type": "Sprit",
    "subtype": "Creme likör",
    "volume": 700.0,
    "pricePerLitre": 57.128574,
    "alcohol": 17.0,
    "price": 39.99,
    "alcoholPerPrice": 0.29757437
  },
  {
    "key": "Merrys White Chocolat1000.017.0",
    "storesList": null,
    "name": "Merrys White Chocolat",
    "type": "Sprit",
    "subtype": "Creme likör",
    "volume": 1000.0,
    "pricePerLitre": 79.99,
    "alcohol": 17.0,
    "price": 79.99,
    "alcoholPerPrice": 0.21252657
  },
  {
    "key": "Baileys Coffee700.017.0",
    "storesList": null,
    "name": "Baileys Coffee",
    "type": "Sprit",
    "subtype": "Creme likör",
    "volume": 700.0,
    "pricePerLitre": 142.84286,
    "alcohol": 17.0,
    "price": 99.99,
    "alcoholPerPrice": 0.119011894
  },
  {
    "key": "Tropica Pina Colad750.07.0",
    "storesList": null,
    "name": "Tropica Pina Colad",
    "type": "Sprit",
    "subtype": "Creme likör",
    "volume": 750.0,
    "pricePerLitre": 19.986668,
    "alcohol": 7.0,
    "price": 14.99,
    "alcoholPerPrice": 0.35023347
  },
  {
    "key": "Licor 43 Orochat1000.016.0",
    "storesList": null,
    "name": "Licor 43 Orochat",
    "type": "Sprit",
    "subtype": "Creme likör",
    "volume": 1000.0,
    "pricePerLitre": 99.99,
    "alcohol": 16.0,
    "price": 99.99,
    "alcoholPerPrice": 0.160016
  },
  {
    "key": "Harveys Bristol Creme750.017.5",
    "storesList": null,
    "name": "Harveys Bristol Creme",
    "type": "Sprit",
    "subtype": "Creme likör",
    "volume": 750.0,
    "pricePerLitre": 106.653336,
    "alcohol": 17.5,
    "price": 79.99,
    "alcoholPerPrice": 0.164083
  },
  {
    "key": "Dunstone Cream Likør700.017.0",
    "storesList": null,
    "name": "Dunstone Cream Likør",
    "type": "Sprit",
    "subtype": "Creme likör",
    "volume": 700.0,
    "pricePerLitre": 85.700005,
    "alcohol": 17.0,
    "price": 59.99,
    "alcoholPerPrice": 0.19836639
  },
  {
    "key": "Baileys Irish Cream50.017.0",
    "storesList": null,
    "name": "Baileys Irish Cream",
    "type": "Sprit",
    "subtype": "Creme likör",
    "volume": 50.0,
    "pricePerLitre": 399.8,
    "alcohol": 17.0,
    "price": 19.99,
    "alcoholPerPrice": 0.04252126
  },
  {
    "key": "Merrys Strawberrr1000.017.0",
    "storesList": null,
    "name": "Merrys Strawberrr",
    "type": "Sprit",
    "subtype": "Creme likör",
    "volume": 1000.0,
    "pricePerLitre": 79.99,
    "alcohol": 17.0,
    "price": 79.99,
    "alcoholPerPrice": 0.21252657
  },
  {
    "key": "Sheridans Double1000.015.5",
    "storesList": null,
    "name": "Sheridans Double",
    "type": "Sprit",
    "subtype": "Creme likör",
    "volume": 1000.0,
    "pricePerLitre": 159.99,
    "alcohol": 15.5,
    "price": 159.99,
    "alcoholPerPrice": 0.096881054
  },
  {
    "key": "Stroh Cream500.015.0",
    "storesList": null,
    "name": "Stroh Cream",
    "type": "Sprit",
    "subtype": "Likör",
    "volume": 500.0,
    "pricePerLitre": 139.98,
    "alcohol": 15.0,
    "price": 69.99,
    "alcoholPerPrice": 0.10715817
  },
  {
    "key": "Eierlikör Nordgold Advokat700.014.0",
    "storesList": null,
    "name": "Eierlikör Nordgold Advokat",
    "type": "Sprit",
    "subtype": "Creme likör",
    "volume": 700.0,
    "pricePerLitre": 49.985718,
    "alcohol": 14.0,
    "price": 34.99,
    "alcoholPerPrice": 0.28008
  },
  {
    "key": "Mozart Chocolate Cream500.017.0",
    "storesList": null,
    "name": "Mozart Chocolate Cream",
    "type": "Sprit",
    "subtype": "Creme likör",
    "volume": 500.0,
    "pricePerLitre": 199.98,
    "alcohol": 17.0,
    "price": 99.99,
    "alcoholPerPrice": 0.0850085
  },
  {
    "key": "Valhalla Mjød700.015.0",
    "storesList": null,
    "name": "Valhalla Mjød",
    "type": "Sprit",
    "subtype": "Brännvin",
    "volume": 700.0,
    "pricePerLitre": 71.41429,
    "alcohol": 15.0,
    "price": 49.99,
    "alcoholPerPrice": 0.21004198
  },
  {
    "key": "Midori Melo1000.020.0",
    "storesList": null,
    "name": "Midori Melo",
    "type": "Sprit",
    "subtype": "Brännvin",
    "volume": 1000.0,
    "pricePerLitre": 149.99,
    "alcohol": 20.0,
    "price": 149.99,
    "alcoholPerPrice": 0.13334222
  },
  {
    "key": "Sake Shirayuki Japansk risvin750.014.5",
    "storesList": null,
    "name": "Sake Shirayuki Japansk risvin",
    "type": "Sprit",
    "subtype": "Brännvin",
    "volume": 750.0,
    "pricePerLitre": 119.986664,
    "alcohol": 14.5,
    "price": 89.99,
    "alcoholPerPrice": 0.12084676
  },
  {
    "key": "Apero1000.011.0",
    "storesList": null,
    "name": "Apero",
    "type": "Sprit",
    "subtype": "Likör",
    "volume": 1000.0,
    "pricePerLitre": 99.99,
    "alcohol": 11.0,
    "price": 99.99,
    "alcoholPerPrice": 0.110011004
  },
  {
    "key": "Bols Blue700.021.0",
    "storesList": null,
    "name": "Bols Blue",
    "type": "Sprit",
    "subtype": "Drinkmix",
    "volume": 700.0,
    "pricePerLitre": 128.55714,
    "alcohol": 21.0,
    "price": 89.99,
    "alcoholPerPrice": 0.16335148
  },
  {
    "key": "Sex on the Beach Tropic750.07.0",
    "storesList": null,
    "name": "Sex on the Beach Tropic",
    "type": "Sprit",
    "subtype": "Drinkmix",
    "volume": 750.0,
    "pricePerLitre": 19.986668,
    "alcohol": 7.0,
    "price": 14.99,
    "alcoholPerPrice": 0.35023347
  },
  {
    "key": "Sourz Rasperry700.015.0",
    "storesList": null,
    "name": "Sourz Rasperry",
    "type": "Sprit",
    "subtype": "Drinkmix",
    "volume": 700.0,
    "pricePerLitre": 99.98571,
    "alcohol": 15.0,
    "price": 69.99,
    "alcoholPerPrice": 0.15002143
  },
  {
    "key": "Sourz Rainbow Ice700.015.0",
    "storesList": null,
    "name": "Sourz Rainbow Ice",
    "type": "Sprit",
    "subtype": "Drinkmix",
    "volume": 700.0,
    "pricePerLitre": 99.98571,
    "alcohol": 15.0,
    "price": 69.99,
    "alcoholPerPrice": 0.15002143
  },
  {
    "key": "Bols Melon700.017.0",
    "storesList": null,
    "name": "Bols Melon",
    "type": "Sprit",
    "subtype": "Drinkmix",
    "volume": 700.0,
    "pricePerLitre": 114.21429,
    "alcohol": 17.0,
    "price": 79.95,
    "alcoholPerPrice": 0.14884302
  },
  {
    "key": "Bulldog Gi1000.040.0",
    "storesList": null,
    "name": "Bulldog Gi",
    "type": "Sprit",
    "subtype": "Gin",
    "volume": 1000.0,
    "pricePerLitre": 149.99,
    "alcohol": 40.0,
    "price": 149.99,
    "alcoholPerPrice": 0.26668444
  },
  {
    "key": "Tanqueray London Dry Gin1000.047.3",
    "storesList": null,
    "name": "Tanqueray London Dry Gin",
    "type": "Sprit",
    "subtype": "Gin",
    "volume": 1000.0,
    "pricePerLitre": 169.99,
    "alcohol": 47.3,
    "price": 169.99,
    "alcoholPerPrice": 0.27825165
  },
  {
    "key": "Gin Mare1000.042.7",
    "storesList": null,
    "name": "Gin Mare",
    "type": "Sprit",
    "subtype": "Gin",
    "volume": 1000.0,
    "pricePerLitre": 299.99,
    "alcohol": 42.7,
    "price": 299.99,
    "alcoholPerPrice": 0.14233808
  },
  {
    "key": "Bombay Sapphire Gi1000.040.0",
    "storesList": null,
    "name": "Bombay Sapphire Gi",
    "type": "Sprit",
    "subtype": "Gin",
    "volume": 1000.0,
    "pricePerLitre": 156.38,
    "alcohol": 40.0,
    "price": 156.38,
    "alcoholPerPrice": 0.25578716
  },
  {
    "key": "Beefeater Gi1000.040.0",
    "storesList": null,
    "name": "Beefeater Gi",
    "type": "Sprit",
    "subtype": "Gin",
    "volume": 1000.0,
    "pricePerLitre": 111.68,
    "alcohol": 40.0,
    "price": 111.68,
    "alcoholPerPrice": 0.3581662
  },
  {
    "key": "Geranium Gin700.044.0",
    "storesList": null,
    "name": "Geranium Gin",
    "type": "Sprit",
    "subtype": "Gin",
    "volume": 700.0,
    "pricePerLitre": 285.7,
    "alcohol": 44.0,
    "price": 199.99,
    "alcoholPerPrice": 0.15400769
  },
  {
    "key": "No.1 Premium Gin3000.037.5",
    "storesList": null,
    "name": "No.1 Premium Gin",
    "type": "Sprit",
    "subtype": "Gin",
    "volume": 3000.0,
    "pricePerLitre": 66.66334,
    "alcohol": 37.5,
    "price": 199.99,
    "alcoholPerPrice": 0.5625281
  },
  {
    "key": "Gordon's Gin1000.037.5",
    "storesList": null,
    "name": "Gordon's Gin",
    "type": "Sprit",
    "subtype": "Gin",
    "volume": 1000.0,
    "pricePerLitre": 104.23,
    "alcohol": 37.5,
    "price": 104.23,
    "alcoholPerPrice": 0.35978124
  },
  {
    "key": "Finsbury Gin1000.037.5",
    "storesList": null,
    "name": "Finsbury Gin",
    "type": "Sprit",
    "subtype": "Gin",
    "volume": 1000.0,
    "pricePerLitre": 77.77,
    "alcohol": 37.5,
    "price": 77.77,
    "alcoholPerPrice": 0.4821911
  },
  {
    "key": "Hendricks Gin1000.041.4",
    "storesList": null,
    "name": "Hendricks Gin",
    "type": "Sprit",
    "subtype": "Gin",
    "volume": 1000.0,
    "pricePerLitre": 244.44,
    "alcohol": 41.4,
    "price": 244.44,
    "alcoholPerPrice": 0.16936672
  },
  {
    "key": "Malfy Gin Rosa700.041.0",
    "storesList": null,
    "name": "Malfy Gin Rosa",
    "type": "Sprit",
    "subtype": "Gin",
    "volume": 700.0,
    "pricePerLitre": 257.12857,
    "alcohol": 41.0,
    "price": 179.99,
    "alcoholPerPrice": 0.1594533
  },
  {
    "key": "Beefeater London Pink1000.037.5",
    "storesList": null,
    "name": "Beefeater London Pink",
    "type": "Sprit",
    "subtype": "Gin",
    "volume": 1000.0,
    "pricePerLitre": 111.68,
    "alcohol": 37.5,
    "price": 111.68,
    "alcoholPerPrice": 0.3357808
  },
  {
    "key": "Malfy Gin con Arancia700.041.0",
    "storesList": null,
    "name": "Malfy Gin con Arancia",
    "type": "Sprit",
    "subtype": "Gin",
    "volume": 700.0,
    "pricePerLitre": 257.12857,
    "alcohol": 41.0,
    "price": 179.99,
    "alcoholPerPrice": 0.1594533
  },
  {
    "key": "Malfy Gin con Limone700.041.0",
    "storesList": null,
    "name": "Malfy Gin con Limone",
    "type": "Sprit",
    "subtype": "Gin",
    "volume": 700.0,
    "pricePerLitre": 257.12857,
    "alcohol": 41.0,
    "price": 179.99,
    "alcoholPerPrice": 0.1594533
  },
  {
    "key": "Finsbury Gin700.037.5",
    "storesList": null,
    "name": "Finsbury Gin",
    "type": "Sprit",
    "subtype": "Gin",
    "volume": 700.0,
    "pricePerLitre": 99.98571,
    "alcohol": 37.5,
    "price": 69.99,
    "alcoholPerPrice": 0.37505358
  },
  {
    "key": "Monkey 47 Schwarzwald Dry Gin500.047.0",
    "storesList": null,
    "name": "Monkey 47 Schwarzwald Dry Gin",
    "type": "Sprit",
    "subtype": "Gin",
    "volume": 500.0,
    "pricePerLitre": 499.98,
    "alcohol": 47.0,
    "price": 249.99,
    "alcoholPerPrice": 0.09400376
  },
  {
    "key": "Gordon's Gin700.037.5",
    "storesList": null,
    "name": "Gordon's Gin",
    "type": "Sprit",
    "subtype": "Gin",
    "volume": 700.0,
    "pricePerLitre": 142.84286,
    "alcohol": 37.5,
    "price": 99.99,
    "alcoholPerPrice": 0.26252624
  },
  {
    "key": "Gin Mare700.042.7",
    "storesList": null,
    "name": "Gin Mare",
    "type": "Sprit",
    "subtype": "Gin",
    "volume": 700.0,
    "pricePerLitre": 399.98572,
    "alcohol": 42.7,
    "price": 279.99,
    "alcoholPerPrice": 0.10675381
  },
  {
    "key": "Gibson's London Gin1000.037.5",
    "storesList": null,
    "name": "Gibson's London Gin",
    "type": "Sprit",
    "subtype": "Gin",
    "volume": 1000.0,
    "pricePerLitre": 89.99,
    "alcohol": 37.5,
    "price": 89.99,
    "alcoholPerPrice": 0.41671297
  },
  {
    "key": "Lordson Gin Bag in Box3000.037.5",
    "storesList": null,
    "name": "Lordson Gin Bag in Box",
    "type": "Sprit",
    "subtype": "Gin",
    "volume": 3000.0,
    "pricePerLitre": 73.33,
    "alcohol": 37.5,
    "price": 219.99,
    "alcoholPerPrice": 0.5113869
  },
  {
    "key": "Earl Brown Dry Gin700.037.5",
    "storesList": null,
    "name": "Earl Brown Dry Gin",
    "type": "Sprit",
    "subtype": "Gin",
    "volume": 700.0,
    "pricePerLitre": 85.700005,
    "alcohol": 37.5,
    "price": 59.99,
    "alcoholPerPrice": 0.4375729
  },
  {
    "key": "Hendricks Gin700.041.4",
    "storesList": null,
    "name": "Hendricks Gin",
    "type": "Sprit",
    "subtype": "Gin",
    "volume": 700.0,
    "pricePerLitre": 342.84286,
    "alcohol": 41.4,
    "price": 239.99,
    "alcoholPerPrice": 0.12075503
  },
  {
    "key": "Gordons Pink Gin700.037.5",
    "storesList": null,
    "name": "Gordons Pink Gin",
    "type": "Sprit",
    "subtype": "Gin",
    "volume": 700.0,
    "pricePerLitre": 142.84286,
    "alcohol": 37.5,
    "price": 99.99,
    "alcoholPerPrice": 0.26252624
  },
  {
    "key": "The Botanist Gin700.046.0",
    "storesList": null,
    "name": "The Botanist Gin",
    "type": "Sprit",
    "subtype": "Gin",
    "volume": 700.0,
    "pricePerLitre": 357.1286,
    "alcohol": 46.0,
    "price": 249.99,
    "alcoholPerPrice": 0.12880515
  },
  {
    "key": "No.1 Premium Gin1000.037.5",
    "storesList": null,
    "name": "No.1 Premium Gin",
    "type": "Sprit",
    "subtype": "Gin",
    "volume": 1000.0,
    "pricePerLitre": 79.99,
    "alcohol": 37.5,
    "price": 79.99,
    "alcoholPerPrice": 0.46880862
  },
  {
    "key": "Plymouth Gin1000.041.2",
    "storesList": null,
    "name": "Plymouth Gin",
    "type": "Sprit",
    "subtype": "Gin",
    "volume": 1000.0,
    "pricePerLitre": 199.99,
    "alcohol": 41.2,
    "price": 199.99,
    "alcoholPerPrice": 0.2060103
  },
  {
    "key": "Hendricks Midsummer Solstice700.043.4",
    "storesList": null,
    "name": "Hendricks Midsummer Solstice",
    "type": "Sprit",
    "subtype": "Gin",
    "volume": 700.0,
    "pricePerLitre": 385.69998,
    "alcohol": 43.4,
    "price": 269.99,
    "alcoholPerPrice": 0.1125227
  },
  {
    "key": "MG Gi1000.043.0",
    "storesList": null,
    "name": "MG Gi",
    "type": "Sprit",
    "subtype": "Gin",
    "volume": 1000.0,
    "pricePerLitre": 99.99,
    "alcohol": 43.0,
    "price": 99.99,
    "alcoholPerPrice": 0.430043
  },
  {
    "key": "Tanqueray Ten Gin700.047.3",
    "storesList": null,
    "name": "Tanqueray Ten Gin",
    "type": "Sprit",
    "subtype": "Gin",
    "volume": 700.0,
    "pricePerLitre": 285.7,
    "alcohol": 47.3,
    "price": 199.99,
    "alcoholPerPrice": 0.16555826
  },
  {
    "key": "Tranquebar Colonial Gin700.045.0",
    "storesList": null,
    "name": "Tranquebar Colonial Gin",
    "type": "Sprit",
    "subtype": "Gin",
    "volume": 700.0,
    "pricePerLitre": 357.1286,
    "alcohol": 45.0,
    "price": 249.99,
    "alcoholPerPrice": 0.12600502
  },
  {
    "key": "Opihr Gin1000.042.5",
    "storesList": null,
    "name": "Opihr Gin",
    "type": "Sprit",
    "subtype": "Gin",
    "volume": 1000.0,
    "pricePerLitre": 189.99,
    "alcohol": 42.5,
    "price": 189.99,
    "alcoholPerPrice": 0.22369598
  },
  {
    "key": "Harahorn Gin500.046.0",
    "storesList": null,
    "name": "Harahorn Gin",
    "type": "Sprit",
    "subtype": "Gin",
    "volume": 500.0,
    "pricePerLitre": 359.98,
    "alcohol": 46.0,
    "price": 179.99,
    "alcoholPerPrice": 0.12778488
  },
  {
    "key": "Buss No 509 Elderflower Gin700.040.0",
    "storesList": null,
    "name": "Buss No 509 Elderflower Gin",
    "type": "Sprit",
    "subtype": "Gin",
    "volume": 700.0,
    "pricePerLitre": 428.55713,
    "alcohol": 40.0,
    "price": 299.99,
    "alcoholPerPrice": 0.09333645
  },
  {
    "key": "Rose d'Argent Gin700.040.0",
    "storesList": null,
    "name": "Rose d'Argent Gin",
    "type": "Sprit",
    "subtype": "Gin",
    "volume": 700.0,
    "pricePerLitre": 114.27143,
    "alcohol": 40.0,
    "price": 79.99,
    "alcoholPerPrice": 0.35004374
  },
  {
    "key": "Brockmans Intensely Smooth Premium Gin700.040.0",
    "storesList": null,
    "name": "Brockmans Intensely Smooth Premium Gin",
    "type": "Sprit",
    "subtype": "Gin",
    "volume": 700.0,
    "pricePerLitre": 385.69998,
    "alcohol": 40.0,
    "price": 269.99,
    "alcoholPerPrice": 0.10370755
  },
  {
    "key": "Nordic Spirits Lab Gin NSL500.041.0",
    "storesList": null,
    "name": "Nordic Spirits Lab Gin NSL",
    "type": "Sprit",
    "subtype": "Gin",
    "volume": 500.0,
    "pricePerLitre": 199.98,
    "alcohol": 41.0,
    "price": 99.99,
    "alcoholPerPrice": 0.2050205
  },
  {
    "key": "Malfy Gin Mini 4-pack 41%200.041.0",
    "storesList": null,
    "name": "Malfy Gin Mini 4-pack 41%",
    "type": "Sprit",
    "subtype": "Gin",
    "volume": 200.0,
    "pricePerLitre": 749.95,
    "alcohol": 41.0,
    "price": 149.99,
    "alcoholPerPrice": 0.05467031
  },
  {
    "key": "The London No.1 Gi1000.047.0",
    "storesList": null,
    "name": "The London No.1 Gi",
    "type": "Sprit",
    "subtype": "Gin",
    "volume": 1000.0,
    "pricePerLitre": 319.99,
    "alcohol": 47.0,
    "price": 319.99,
    "alcoholPerPrice": 0.1468796
  },
  {
    "key": "Bleu d'Argent Gin700.040.0",
    "storesList": null,
    "name": "Bleu d'Argent Gin",
    "type": "Sprit",
    "subtype": "Gin",
    "volume": 700.0,
    "pricePerLitre": 114.27143,
    "alcohol": 40.0,
    "price": 79.99,
    "alcoholPerPrice": 0.35004374
  },
  {
    "key": "Aviation American Gin700.042.0",
    "storesList": null,
    "name": "Aviation American Gin",
    "type": "Sprit",
    "subtype": "Gin",
    "volume": 700.0,
    "pricePerLitre": 328.55716,
    "alcohol": 42.0,
    "price": 229.99,
    "alcoholPerPrice": 0.12783164
  },
  {
    "key": "Buss No 509 Pink Grapefruit Gin700.040.0",
    "storesList": null,
    "name": "Buss No 509 Pink Grapefruit Gin",
    "type": "Sprit",
    "subtype": "Gin",
    "volume": 700.0,
    "pricePerLitre": 428.55713,
    "alcohol": 40.0,
    "price": 299.99,
    "alcoholPerPrice": 0.09333645
  },
  {
    "key": "Silent Pool Gin700.043.0",
    "storesList": null,
    "name": "Silent Pool Gin",
    "type": "Sprit",
    "subtype": "Gin",
    "volume": 700.0,
    "pricePerLitre": 542.84283,
    "alcohol": 43.0,
    "price": 379.99,
    "alcoholPerPrice": 0.07921261
  },
  {
    "key": "MoM Gin700.039.5",
    "storesList": null,
    "name": "MoM Gin",
    "type": "Sprit",
    "subtype": "Gin",
    "volume": 700.0,
    "pricePerLitre": 228.55716,
    "alcohol": 39.5,
    "price": 159.99,
    "alcoholPerPrice": 0.1728233
  },
  {
    "key": "Gin Barco de Cargas700.041.0",
    "storesList": null,
    "name": "Gin Barco de Cargas",
    "type": "Sprit",
    "subtype": "Gin",
    "volume": 700.0,
    "pricePerLitre": 214.27144,
    "alcohol": 41.0,
    "price": 149.99,
    "alcoholPerPrice": 0.19134608
  },
  {
    "key": "Old English Gin700.044.0",
    "storesList": null,
    "name": "Old English Gin",
    "type": "Sprit",
    "subtype": "Gin",
    "volume": 700.0,
    "pricePerLitre": 285.7,
    "alcohol": 44.0,
    "price": 199.99,
    "alcoholPerPrice": 0.15400769
  },
  {
    "key": "Le Gin700.042.0",
    "storesList": null,
    "name": "Le Gin",
    "type": "Sprit",
    "subtype": "Gin",
    "volume": 700.0,
    "pricePerLitre": 285.7,
    "alcohol": 42.0,
    "price": 199.99,
    "alcoholPerPrice": 0.14700735
  },
  {
    "key": "Wint & Lila Strawberry Gin700.037.5",
    "storesList": null,
    "name": "Wint & Lila Strawberry Gin",
    "type": "Sprit",
    "subtype": "Gin",
    "volume": 700.0,
    "pricePerLitre": 328.55716,
    "alcohol": 37.5,
    "price": 229.99,
    "alcoholPerPrice": 0.11413539
  },
  {
    "key": "Hernö old tom gin økologisk500.043.0",
    "storesList": null,
    "name": "Hernö old tom gin økologisk",
    "type": "Sprit",
    "subtype": "Gin",
    "volume": 500.0,
    "pricePerLitre": 446.86,
    "alcohol": 43.0,
    "price": 223.43,
    "alcoholPerPrice": 0.09622701
  },
  {
    "key": "Hernö London Dry Gin økologisk500.040.5",
    "storesList": null,
    "name": "Hernö London Dry Gin økologisk",
    "type": "Sprit",
    "subtype": "Gin",
    "volume": 500.0,
    "pricePerLitre": 439.98,
    "alcohol": 40.5,
    "price": 219.99,
    "alcoholPerPrice": 0.092049636
  },
  {
    "key": "MoM Love700.037.5",
    "storesList": null,
    "name": "MoM Love",
    "type": "Sprit",
    "subtype": "Gin",
    "volume": 700.0,
    "pricePerLitre": 214.27144,
    "alcohol": 37.5,
    "price": 149.99,
    "alcoholPerPrice": 0.17501166
  },
  {
    "key": "Tanqueray Sevilla700.041.3",
    "storesList": null,
    "name": "Tanqueray Sevilla",
    "type": "Sprit",
    "subtype": "Gin",
    "volume": 700.0,
    "pricePerLitre": 285.7,
    "alcohol": 41.3,
    "price": 199.99,
    "alcoholPerPrice": 0.14455722
  },
  {
    "key": "Buss No 509 Raspberry Gin700.037.5",
    "storesList": null,
    "name": "Buss No 509 Raspberry Gin",
    "type": "Sprit",
    "subtype": "Gin",
    "volume": 700.0,
    "pricePerLitre": 428.55713,
    "alcohol": 37.5,
    "price": 299.99,
    "alcoholPerPrice": 0.08750292
  },
  {
    "key": "Tranquebar Christmas Spiced Gin700.048.0",
    "storesList": null,
    "name": "Tranquebar Christmas Spiced Gin",
    "type": "Sprit",
    "subtype": "Gin",
    "volume": 700.0,
    "pricePerLitre": 314.27145,
    "alcohol": 48.0,
    "price": 219.99,
    "alcoholPerPrice": 0.1527342
  },
  {
    "key": "Sipsmith London Dry Gin700.041.6",
    "storesList": null,
    "name": "Sipsmith London Dry Gin",
    "type": "Sprit",
    "subtype": "Gin",
    "volume": 700.0,
    "pricePerLitre": 357.1286,
    "alcohol": 41.6,
    "price": 249.99,
    "alcoholPerPrice": 0.11648464
  },
  {
    "key": "Blossa Gløgg750.010.0",
    "storesList": null,
    "name": "Blossa Gløgg",
    "type": "Sprit",
    "subtype": "Glögg",
    "volume": 750.0,
    "pricePerLitre": 46.653336,
    "alcohol": 10.0,
    "price": 34.99,
    "alcoholPerPrice": 0.21434695
  },
  {
    "key": "Christkindl Glühwe1000.09.0",
    "storesList": null,
    "name": "Christkindl Glühwe",
    "type": "Sprit",
    "subtype": "Glögg",
    "volume": 1000.0,
    "pricePerLitre": 19.99,
    "alcohol": 9.0,
    "price": 19.99,
    "alcoholPerPrice": 0.4502251
  },
  {
    "key": "Grappa Nonin1000.041.0",
    "storesList": null,
    "name": "Grappa Nonin",
    "type": "Sprit",
    "subtype": "Grappa",
    "volume": 1000.0,
    "pricePerLitre": 219.99,
    "alcohol": 41.0,
    "price": 219.99,
    "alcoholPerPrice": 0.1863721
  },
  {
    "key": "Campar1000.025.0",
    "storesList": null,
    "name": "Campar",
    "type": "Sprit",
    "subtype": "Likör",
    "volume": 1000.0,
    "pricePerLitre": 129.99,
    "alcohol": 25.0,
    "price": 129.99,
    "alcoholPerPrice": 0.19232248
  },
  {
    "key": "Kahlu1000.020.0",
    "storesList": null,
    "name": "Kahlu",
    "type": "Sprit",
    "subtype": "Likör",
    "volume": 1000.0,
    "pricePerLitre": 134.99,
    "alcohol": 20.0,
    "price": 134.99,
    "alcoholPerPrice": 0.14815912
  },
  {
    "key": "Malib1000.021.0",
    "storesList": null,
    "name": "Malib",
    "type": "Sprit",
    "subtype": "Likör",
    "volume": 1000.0,
    "pricePerLitre": 109.99,
    "alcohol": 21.0,
    "price": 109.99,
    "alcoholPerPrice": 0.19092645
  },
  {
    "key": "Safari Exotic700.020.0",
    "storesList": null,
    "name": "Safari Exotic",
    "type": "Sprit",
    "subtype": "Likör",
    "volume": 700.0,
    "pricePerLitre": 128.55714,
    "alcohol": 20.0,
    "price": 89.99,
    "alcoholPerPrice": 0.15557285
  },
  {
    "key": "Pisang Ambo1000.017.0",
    "storesList": null,
    "name": "Pisang Ambo",
    "type": "Sprit",
    "subtype": "Likör",
    "volume": 1000.0,
    "pricePerLitre": 109.99,
    "alcohol": 17.0,
    "price": 109.99,
    "alcoholPerPrice": 0.15455951
  },
  {
    "key": "Cointrea1000.040.0",
    "storesList": null,
    "name": "Cointrea",
    "type": "Sprit",
    "subtype": "Likör",
    "volume": 1000.0,
    "pricePerLitre": 199.99,
    "alcohol": 40.0,
    "price": 199.99,
    "alcoholPerPrice": 0.20001
  },
  {
    "key": "Galliano700.030.0",
    "storesList": null,
    "name": "Galliano",
    "type": "Sprit",
    "subtype": "Likör",
    "volume": 700.0,
    "pricePerLitre": 171.41429,
    "alcohol": 30.0,
    "price": 119.99,
    "alcoholPerPrice": 0.17501459
  },
  {
    "key": "Minttu Original Peppermint500.050.0",
    "storesList": null,
    "name": "Minttu Original Peppermint",
    "type": "Sprit",
    "subtype": "Likör",
    "volume": 500.0,
    "pricePerLitre": 159.98,
    "alcohol": 50.0,
    "price": 79.99,
    "alcoholPerPrice": 0.31253907
  },
  {
    "key": "Southern Comfor1000.035.0",
    "storesList": null,
    "name": "Southern Comfor",
    "type": "Sprit",
    "subtype": "Likör",
    "volume": 1000.0,
    "pricePerLitre": 149.99,
    "alcohol": 35.0,
    "price": 149.99,
    "alcoholPerPrice": 0.23334888
  },
  {
    "key": "Kleiner Feigling 20240.020.0",
    "storesList": null,
    "name": "Kleiner Feigling 20",
    "type": "Sprit",
    "subtype": "Likör",
    "volume": 240.0,
    "pricePerLitre": 249.95833,
    "alcohol": 20.0,
    "price": 59.99,
    "alcoholPerPrice": 0.080013335
  },
  {
    "key": "Disaronno Amarett1000.028.0",
    "storesList": null,
    "name": "Disaronno Amarett",
    "type": "Sprit",
    "subtype": "Likör",
    "volume": 1000.0,
    "pricePerLitre": 149.99,
    "alcohol": 28.0,
    "price": 149.99,
    "alcoholPerPrice": 0.18667911
  },
  {
    "key": "Roter Eristoff700.018.0",
    "storesList": null,
    "name": "Roter Eristoff",
    "type": "Sprit",
    "subtype": "Likör",
    "volume": 700.0,
    "pricePerLitre": 128.55714,
    "alcohol": 18.0,
    "price": 89.99,
    "alcoholPerPrice": 0.14001556
  },
  {
    "key": "Perno1000.040.0",
    "storesList": null,
    "name": "Perno",
    "type": "Sprit",
    "subtype": "Likör",
    "volume": 1000.0,
    "pricePerLitre": 159.99,
    "alcohol": 40.0,
    "price": 159.99,
    "alcoholPerPrice": 0.25001562
  },
  {
    "key": "Yeni Raki700.045.0",
    "storesList": null,
    "name": "Yeni Raki",
    "type": "Sprit",
    "subtype": "Likör",
    "volume": 700.0,
    "pricePerLitre": 171.41429,
    "alcohol": 45.0,
    "price": 119.99,
    "alcoholPerPrice": 0.26252186
  },
  {
    "key": "Passo1000.017.0",
    "storesList": null,
    "name": "Passo",
    "type": "Sprit",
    "subtype": "Likör",
    "volume": 1000.0,
    "pricePerLitre": 119.99,
    "alcohol": 17.0,
    "price": 119.99,
    "alcoholPerPrice": 0.14167848
  },
  {
    "key": "Sambuca Molinari700.040.0",
    "storesList": null,
    "name": "Sambuca Molinari",
    "type": "Sprit",
    "subtype": "Likör",
    "volume": 700.0,
    "pricePerLitre": 157.12857,
    "alcohol": 40.0,
    "price": 109.99,
    "alcoholPerPrice": 0.2545686
  },
  {
    "key": "Sambuca Casoni700.038.0",
    "storesList": null,
    "name": "Sambuca Casoni",
    "type": "Sprit",
    "subtype": "Likör",
    "volume": 700.0,
    "pricePerLitre": 128.55714,
    "alcohol": 38.0,
    "price": 89.99,
    "alcoholPerPrice": 0.2955884
  },
  {
    "key": "Minttu Peppermint500.035.0",
    "storesList": null,
    "name": "Minttu Peppermint",
    "type": "Sprit",
    "subtype": "Likör",
    "volume": 500.0,
    "pricePerLitre": 133.96,
    "alcohol": 35.0,
    "price": 66.98,
    "alcoholPerPrice": 0.261272
  },
  {
    "key": "Sambuca Gagliano700.040.0",
    "storesList": null,
    "name": "Sambuca Gagliano",
    "type": "Sprit",
    "subtype": "Likör",
    "volume": 700.0,
    "pricePerLitre": 128.55714,
    "alcohol": 40.0,
    "price": 89.99,
    "alcoholPerPrice": 0.3111457
  },
  {
    "key": "Stroh Jagertee500.040.0",
    "storesList": null,
    "name": "Stroh Jagertee",
    "type": "Sprit",
    "subtype": "Likör",
    "volume": 500.0,
    "pricePerLitre": 133.96,
    "alcohol": 40.0,
    "price": 66.98,
    "alcoholPerPrice": 0.2985966
  },
  {
    "key": "Galatti Amaretto700.021.0",
    "storesList": null,
    "name": "Galatti Amaretto",
    "type": "Sprit",
    "subtype": "Likör",
    "volume": 700.0,
    "pricePerLitre": 57.128574,
    "alcohol": 21.0,
    "price": 39.99,
    "alcoholPerPrice": 0.3675919
  },
  {
    "key": "Pileus Ouzo700.037.5",
    "storesList": null,
    "name": "Pileus Ouzo",
    "type": "Sprit",
    "subtype": "Shots",
    "volume": 700.0,
    "pricePerLitre": 85.700005,
    "alcohol": 37.5,
    "price": 59.99,
    "alcoholPerPrice": 0.4375729
  },
  {
    "key": "Xanté Cognaclikø1000.038.0",
    "storesList": null,
    "name": "Xanté Cognaclikø",
    "type": "Sprit",
    "subtype": "Likör",
    "volume": 1000.0,
    "pricePerLitre": 189.99,
    "alcohol": 38.0,
    "price": 189.99,
    "alcoholPerPrice": 0.20001052
  },
  {
    "key": "Kümmerling Kräuterlikör 35500.035.0",
    "storesList": null,
    "name": "Kümmerling Kräuterlikör 35",
    "type": "Sprit",
    "subtype": "Likör",
    "volume": 500.0,
    "pricePerLitre": 155.54,
    "alcohol": 35.0,
    "price": 77.77,
    "alcoholPerPrice": 0.22502251
  },
  {
    "key": "Drambui1000.040.0",
    "storesList": null,
    "name": "Drambui",
    "type": "Sprit",
    "subtype": "Likör",
    "volume": 1000.0,
    "pricePerLitre": 189.99,
    "alcohol": 40.0,
    "price": 189.99,
    "alcoholPerPrice": 0.21053739
  },
  {
    "key": "Oskar Davidsen Solbærrom700.021.0",
    "storesList": null,
    "name": "Oskar Davidsen Solbærrom",
    "type": "Sprit",
    "subtype": "Likör",
    "volume": 700.0,
    "pricePerLitre": 85.700005,
    "alcohol": 21.0,
    "price": 59.99,
    "alcoholPerPrice": 0.24504083
  },
  {
    "key": "Limoncello di Capri500.032.0",
    "storesList": null,
    "name": "Limoncello di Capri",
    "type": "Sprit",
    "subtype": "Likör",
    "volume": 500.0,
    "pricePerLitre": 179.98,
    "alcohol": 32.0,
    "price": 89.99,
    "alcoholPerPrice": 0.17779754
  },
  {
    "key": "Specht Slivovitz700.040.0",
    "storesList": null,
    "name": "Specht Slivovitz",
    "type": "Sprit",
    "subtype": "Likör",
    "volume": 700.0,
    "pricePerLitre": 114.27143,
    "alcohol": 40.0,
    "price": 79.99,
    "alcoholPerPrice": 0.35004374
  },
  {
    "key": "Duval Pastis700.045.0",
    "storesList": null,
    "name": "Duval Pastis",
    "type": "Sprit",
    "subtype": "Likör",
    "volume": 700.0,
    "pricePerLitre": 128.55714,
    "alcohol": 45.0,
    "price": 89.99,
    "alcoholPerPrice": 0.3500389
  },
  {
    "key": "Bols Creme de Banana700.017.0",
    "storesList": null,
    "name": "Bols Creme de Banana",
    "type": "Sprit",
    "subtype": "Likör",
    "volume": 700.0,
    "pricePerLitre": 128.55714,
    "alcohol": 17.0,
    "price": 89.99,
    "alcoholPerPrice": 0.13223691
  },
  {
    "key": "Peachtree Liqueur Ferskenlikør700.020.0",
    "storesList": null,
    "name": "Peachtree Liqueur Ferskenlikør",
    "type": "Sprit",
    "subtype": "Likör",
    "volume": 700.0,
    "pricePerLitre": 114.27143,
    "alcohol": 20.0,
    "price": 79.99,
    "alcoholPerPrice": 0.17502187
  },
  {
    "key": "Rumchata700.015.0",
    "storesList": null,
    "name": "Rumchata",
    "type": "Sprit",
    "subtype": "Likör",
    "volume": 700.0,
    "pricePerLitre": 185.70001,
    "alcohol": 15.0,
    "price": 129.99,
    "alcoholPerPrice": 0.08077544
  },
  {
    "key": "Cointreau Noir700.040.0",
    "storesList": null,
    "name": "Cointreau Noir",
    "type": "Sprit",
    "subtype": "Likör",
    "volume": 700.0,
    "pricePerLitre": 285.7,
    "alcohol": 40.0,
    "price": 199.99,
    "alcoholPerPrice": 0.14000699
  },
  {
    "key": "Licor 43 Baristo700.031.0",
    "storesList": null,
    "name": "Licor 43 Baristo",
    "type": "Sprit",
    "subtype": "Likör",
    "volume": 700.0,
    "pricePerLitre": 185.70001,
    "alcohol": 31.0,
    "price": 129.99,
    "alcoholPerPrice": 0.1669359
  },
  {
    "key": "Ramazzotti Amar1000.030.0",
    "storesList": null,
    "name": "Ramazzotti Amar",
    "type": "Sprit",
    "subtype": "Likör",
    "volume": 1000.0,
    "pricePerLitre": 129.99,
    "alcohol": 30.0,
    "price": 129.99,
    "alcoholPerPrice": 0.23078698
  },
  {
    "key": "Pitu do Brasil700.040.0",
    "storesList": null,
    "name": "Pitu do Brasil",
    "type": "Sprit",
    "subtype": "Likör",
    "volume": 700.0,
    "pricePerLitre": 128.55714,
    "alcohol": 40.0,
    "price": 89.99,
    "alcoholPerPrice": 0.3111457
  },
  {
    "key": "Minttu Black500.035.0",
    "storesList": null,
    "name": "Minttu Black",
    "type": "Sprit",
    "subtype": "Likör",
    "volume": 500.0,
    "pricePerLitre": 133.96,
    "alcohol": 35.0,
    "price": 66.98,
    "alcoholPerPrice": 0.261272
  },
  {
    "key": "Cabo Bay Edelkirsch Kirschenlikör1000.016.0",
    "storesList": null,
    "name": "Cabo Bay Edelkirsch Kirschenlikör",
    "type": "Sprit",
    "subtype": "Likör",
    "volume": 1000.0,
    "pricePerLitre": 49.99,
    "alcohol": 16.0,
    "price": 49.99,
    "alcoholPerPrice": 0.320064
  },
  {
    "key": "Cointreau Blood Orange700.030.0",
    "storesList": null,
    "name": "Cointreau Blood Orange",
    "type": "Sprit",
    "subtype": "Likör",
    "volume": 700.0,
    "pricePerLitre": 228.55716,
    "alcohol": 30.0,
    "price": 159.99,
    "alcoholPerPrice": 0.13125819
  },
  {
    "key": "Sambuca Molinar1000.038.0",
    "storesList": null,
    "name": "Sambuca Molinar",
    "type": "Sprit",
    "subtype": "Likör",
    "volume": 1000.0,
    "pricePerLitre": 159.99,
    "alcohol": 38.0,
    "price": 159.99,
    "alcoholPerPrice": 0.23751484
  },
  {
    "key": "Xanté Cognaclikør500.038.0",
    "storesList": null,
    "name": "Xanté Cognaclikør",
    "type": "Sprit",
    "subtype": "Likör",
    "volume": 500.0,
    "pricePerLitre": 199.98,
    "alcohol": 38.0,
    "price": 99.99,
    "alcoholPerPrice": 0.19001901
  },
  {
    "key": "Lillet Blanc750.017.0",
    "storesList": null,
    "name": "Lillet Blanc",
    "type": "Sprit",
    "subtype": "Likör",
    "volume": 750.0,
    "pricePerLitre": 119.986664,
    "alcohol": 17.0,
    "price": 89.99,
    "alcoholPerPrice": 0.14168242
  },
  {
    "key": "Safari Exoti1000.020.0",
    "storesList": null,
    "name": "Safari Exoti",
    "type": "Sprit",
    "subtype": "Likör",
    "volume": 1000.0,
    "pricePerLitre": 119.99,
    "alcohol": 20.0,
    "price": 119.99,
    "alcoholPerPrice": 0.16668056
  },
  {
    "key": "Xanté Pear Mojito1000.014.9",
    "storesList": null,
    "name": "Xanté Pear Mojito",
    "type": "Sprit",
    "subtype": "Likör",
    "volume": 1000.0,
    "pricePerLitre": 129.99,
    "alcohol": 14.9,
    "price": 129.99,
    "alcoholPerPrice": 0.114624195
  },
  {
    "key": "Galliano500.030.0",
    "storesList": null,
    "name": "Galliano",
    "type": "Sprit",
    "subtype": "Likör",
    "volume": 500.0,
    "pricePerLitre": 199.98,
    "alcohol": 30.0,
    "price": 99.99,
    "alcoholPerPrice": 0.15001501
  },
  {
    "key": "Tia Maria Likør700.020.0",
    "storesList": null,
    "name": "Tia Maria Likør",
    "type": "Sprit",
    "subtype": "Likör",
    "volume": 700.0,
    "pricePerLitre": 185.70001,
    "alcohol": 20.0,
    "price": 129.99,
    "alcoholPerPrice": 0.10770059
  },
  {
    "key": "Grappa Riserva Morandini500.040.0",
    "storesList": null,
    "name": "Grappa Riserva Morandini",
    "type": "Sprit",
    "subtype": "Likör",
    "volume": 500.0,
    "pricePerLitre": 179.98,
    "alcohol": 40.0,
    "price": 89.99,
    "alcoholPerPrice": 0.22224692
  },
  {
    "key": "Pott der Gute Miniatureflaske40.040.0",
    "storesList": null,
    "name": "Pott der Gute Miniatureflaske",
    "type": "Sprit",
    "subtype": "Likör",
    "volume": 40.0,
    "pricePerLitre": 199.75,
    "alcohol": 40.0,
    "price": 7.99,
    "alcoholPerPrice": 0.20025031
  },
  {
    "key": "Villa Massa Limoncello500.030.0",
    "storesList": null,
    "name": "Villa Massa Limoncello",
    "type": "Sprit",
    "subtype": "Likör",
    "volume": 500.0,
    "pricePerLitre": 199.98,
    "alcohol": 30.0,
    "price": 99.99,
    "alcoholPerPrice": 0.15001501
  },
  {
    "key": "Malecon Licor de Ron700.035.0",
    "storesList": null,
    "name": "Malecon Licor de Ron",
    "type": "Sprit",
    "subtype": "Likör",
    "volume": 700.0,
    "pricePerLitre": 271.4143,
    "alcohol": 35.0,
    "price": 189.99,
    "alcoholPerPrice": 0.12895414
  },
  {
    "key": "Berliner Luf1000.018.0",
    "storesList": null,
    "name": "Berliner Luf",
    "type": "Sprit",
    "subtype": "Likör",
    "volume": 1000.0,
    "pricePerLitre": 79.99,
    "alcohol": 18.0,
    "price": 79.99,
    "alcoholPerPrice": 0.22502813
  },
  {
    "key": "Creme de Cassisse700.016.0",
    "storesList": null,
    "name": "Creme de Cassisse",
    "type": "Sprit",
    "subtype": "Likör",
    "volume": 700.0,
    "pricePerLitre": 92.84286,
    "alcohol": 16.0,
    "price": 64.99,
    "alcoholPerPrice": 0.17233421
  },
  {
    "key": "Sourz Apple700.015.0",
    "storesList": null,
    "name": "Sourz Apple",
    "type": "Sprit",
    "subtype": "Shots",
    "volume": 700.0,
    "pricePerLitre": 99.98571,
    "alcohol": 15.0,
    "price": 69.99,
    "alcoholPerPrice": 0.15002143
  },
  {
    "key": "Captain Morgan Spiced Gold Magnumflaske1500.035.0",
    "storesList": null,
    "name": "Captain Morgan Spiced Gold Magnumflaske",
    "type": "Sprit",
    "subtype": "Rom",
    "volume": 1500.0,
    "pricePerLitre": 106.66,
    "alcohol": 35.0,
    "price": 159.99,
    "alcoholPerPrice": 0.3281455
  },
  {
    "key": "Ron Barco De Cargas 15YO700.040.0",
    "storesList": null,
    "name": "Ron Barco De Cargas 15YO",
    "type": "Sprit",
    "subtype": "Rom",
    "volume": 700.0,
    "pricePerLitre": 191.47144,
    "alcohol": 40.0,
    "price": 134.03,
    "alcoholPerPrice": 0.20890844
  },
  {
    "key": "Bacardi1000.037.5",
    "storesList": null,
    "name": "Bacardi",
    "type": "Sprit",
    "subtype": "Rom",
    "volume": 1000.0,
    "pricePerLitre": 126.58,
    "alcohol": 37.5,
    "price": 126.58,
    "alcoholPerPrice": 0.29625532
  },
  {
    "key": "Captain Morgan Spiced Gol1000.035.0",
    "storesList": null,
    "name": "Captain Morgan Spiced Gol",
    "type": "Sprit",
    "subtype": "Rom",
    "volume": 1000.0,
    "pricePerLitre": 104.23,
    "alcohol": 35.0,
    "price": 104.23,
    "alcoholPerPrice": 0.33579582
  },
  {
    "key": "A.H Riise Royal Danish Navy Rum700.040.0",
    "storesList": null,
    "name": "A.H Riise Royal Danish Navy Rum",
    "type": "Sprit",
    "subtype": "Rom",
    "volume": 700.0,
    "pricePerLitre": 399.98572,
    "alcohol": 40.0,
    "price": 279.99,
    "alcoholPerPrice": 0.10000357
  },
  {
    "key": "Havana Club 3 år1000.040.0",
    "storesList": null,
    "name": "Havana Club 3 år",
    "type": "Sprit",
    "subtype": "Rom",
    "volume": 1000.0,
    "pricePerLitre": 129.99,
    "alcohol": 40.0,
    "price": 129.99,
    "alcoholPerPrice": 0.30771595
  },
  {
    "key": "Botucal Reserva Exclusiva Rum700.040.0",
    "storesList": null,
    "name": "Botucal Reserva Exclusiva Rum",
    "type": "Sprit",
    "subtype": "Rom",
    "volume": 700.0,
    "pricePerLitre": 372.4,
    "alcohol": 40.0,
    "price": 260.68,
    "alcoholPerPrice": 0.107411385
  },
  {
    "key": "Havana Club 7 Y1000.040.0",
    "storesList": null,
    "name": "Havana Club 7 Y",
    "type": "Sprit",
    "subtype": "Rom",
    "volume": 1000.0,
    "pricePerLitre": 189.99,
    "alcohol": 40.0,
    "price": 189.99,
    "alcoholPerPrice": 0.21053739
  },
  {
    "key": "Captain Morgan Spiced Gold700.035.0",
    "storesList": null,
    "name": "Captain Morgan Spiced Gold",
    "type": "Sprit",
    "subtype": "Rom",
    "volume": 700.0,
    "pricePerLitre": 142.84286,
    "alcohol": 35.0,
    "price": 99.99,
    "alcoholPerPrice": 0.24502449
  },
  {
    "key": "Stroh Ro1000.080.0",
    "storesList": null,
    "name": "Stroh Ro",
    "type": "Sprit",
    "subtype": "Rom",
    "volume": 1000.0,
    "pricePerLitre": 193.63,
    "alcohol": 80.0,
    "price": 193.63,
    "alcoholPerPrice": 0.4131591
  },
  {
    "key": "Bacardi Limo1000.032.0",
    "storesList": null,
    "name": "Bacardi Limo",
    "type": "Sprit",
    "subtype": "Rom",
    "volume": 1000.0,
    "pricePerLitre": 126.58,
    "alcohol": 32.0,
    "price": 126.58,
    "alcoholPerPrice": 0.25280455
  },
  {
    "key": "Havana Club Especia1000.040.0",
    "storesList": null,
    "name": "Havana Club Especia",
    "type": "Sprit",
    "subtype": "Rom",
    "volume": 1000.0,
    "pricePerLitre": 149.99,
    "alcohol": 40.0,
    "price": 149.99,
    "alcoholPerPrice": 0.26668444
  },
  {
    "key": "A.H. Riise Caramel /Seasalt / XO Rum700.017.0",
    "storesList": null,
    "name": "A.H. Riise Caramel /Seasalt / XO Rum",
    "type": "Sprit",
    "subtype": "Rom",
    "volume": 700.0,
    "pricePerLitre": 185.70001,
    "alcohol": 17.0,
    "price": 129.99,
    "alcoholPerPrice": 0.0915455
  },
  {
    "key": "A.H Riise Non Plus Ultra rom700.042.0",
    "storesList": null,
    "name": "A.H Riise Non Plus Ultra rom",
    "type": "Sprit",
    "subtype": "Rom",
    "volume": 700.0,
    "pricePerLitre": 898.5715,
    "alcohol": 42.0,
    "price": 629.0,
    "alcoholPerPrice": 0.046740856
  },
  {
    "key": "Bumbu Rum700.035.0",
    "storesList": null,
    "name": "Bumbu Rum",
    "type": "Sprit",
    "subtype": "Rom",
    "volume": 700.0,
    "pricePerLitre": 399.98572,
    "alcohol": 35.0,
    "price": 279.99,
    "alcoholPerPrice": 0.08750313
  },
  {
    "key": "Kraken Black Spiced Rum700.040.0",
    "storesList": null,
    "name": "Kraken Black Spiced Rum",
    "type": "Sprit",
    "subtype": "Rom",
    "volume": 700.0,
    "pricePerLitre": 214.27144,
    "alcohol": 40.0,
    "price": 149.99,
    "alcoholPerPrice": 0.18667911
  },
  {
    "key": "Bacardi Raz1000.032.0",
    "storesList": null,
    "name": "Bacardi Raz",
    "type": "Sprit",
    "subtype": "Rom",
    "volume": 1000.0,
    "pricePerLitre": 126.58,
    "alcohol": 32.0,
    "price": 126.58,
    "alcoholPerPrice": 0.25280455
  },
  {
    "key": "Ron Millonario Solera 15 yo Reserva Especial700.040.0",
    "storesList": null,
    "name": "Ron Millonario Solera 15 yo Reserva Especial",
    "type": "Sprit",
    "subtype": "Rom",
    "volume": 700.0,
    "pricePerLitre": 457.12857,
    "alcohol": 40.0,
    "price": 319.99,
    "alcoholPerPrice": 0.08750273
  },
  {
    "key": "A.H.Riise 1888 Copenhagen700.040.0",
    "storesList": null,
    "name": "A.H.Riise 1888 Copenhagen",
    "type": "Sprit",
    "subtype": "Rom",
    "volume": 700.0,
    "pricePerLitre": 357.1286,
    "alcohol": 40.0,
    "price": 249.99,
    "alcoholPerPrice": 0.112004474
  },
  {
    "key": "Don Papa Rum700.040.0",
    "storesList": null,
    "name": "Don Papa Rum",
    "type": "Sprit",
    "subtype": "Rom",
    "volume": 700.0,
    "pricePerLitre": 399.98572,
    "alcohol": 40.0,
    "price": 279.99,
    "alcoholPerPrice": 0.10000357
  },
  {
    "key": "Captain Morgan Black Labe1000.040.0",
    "storesList": null,
    "name": "Captain Morgan Black Labe",
    "type": "Sprit",
    "subtype": "Rom",
    "volume": 1000.0,
    "pricePerLitre": 129.99,
    "alcohol": 40.0,
    "price": 129.99,
    "alcoholPerPrice": 0.30771595
  },
  {
    "key": "A.H Riise Anniversary rum700.042.0",
    "storesList": null,
    "name": "A.H Riise Anniversary rum",
    "type": "Sprit",
    "subtype": "Rom",
    "volume": 700.0,
    "pricePerLitre": 499.98572,
    "alcohol": 42.0,
    "price": 349.99,
    "alcoholPerPrice": 0.0840024
  },
  {
    "key": "Opthimus Ron Dom. 15YO700.038.0",
    "storesList": null,
    "name": "Opthimus Ron Dom. 15YO",
    "type": "Sprit",
    "subtype": "Rom",
    "volume": 700.0,
    "pricePerLitre": 499.98572,
    "alcohol": 38.0,
    "price": 349.99,
    "alcoholPerPrice": 0.07600217
  },
  {
    "key": "Captain Morgan White1000.037.5",
    "storesList": null,
    "name": "Captain Morgan White",
    "type": "Sprit",
    "subtype": "Rom",
    "volume": 1000.0,
    "pricePerLitre": 104.23,
    "alcohol": 37.5,
    "price": 104.23,
    "alcoholPerPrice": 0.35978124
  },
  {
    "key": "Crystal Pirate White Rum1000.037.5",
    "storesList": null,
    "name": "Crystal Pirate White Rum",
    "type": "Sprit",
    "subtype": "Rom",
    "volume": 1000.0,
    "pricePerLitre": 79.99,
    "alcohol": 37.5,
    "price": 79.99,
    "alcoholPerPrice": 0.46880862
  },
  {
    "key": "Pampero Ron Aniversario700.040.0",
    "storesList": null,
    "name": "Pampero Ron Aniversario",
    "type": "Sprit",
    "subtype": "Rom",
    "volume": 700.0,
    "pricePerLitre": 257.12857,
    "alcohol": 40.0,
    "price": 179.99,
    "alcoholPerPrice": 0.1555642
  },
  {
    "key": "A.H Riise X.O Rum700.040.0",
    "storesList": null,
    "name": "A.H Riise X.O Rum",
    "type": "Sprit",
    "subtype": "Rom",
    "volume": 700.0,
    "pricePerLitre": 414.27142,
    "alcohol": 40.0,
    "price": 289.99,
    "alcoholPerPrice": 0.096555054
  },
  {
    "key": "Compañero Ron Elixir Orange700.040.0",
    "storesList": null,
    "name": "Compañero Ron Elixir Orange",
    "type": "Sprit",
    "subtype": "Rom",
    "volume": 700.0,
    "pricePerLitre": 285.7,
    "alcohol": 40.0,
    "price": 199.99,
    "alcoholPerPrice": 0.14000699
  },
  {
    "key": "Golden Pirate Spice1000.030.0",
    "storesList": null,
    "name": "Golden Pirate Spice",
    "type": "Sprit",
    "subtype": "Rom",
    "volume": 1000.0,
    "pricePerLitre": 79.99,
    "alcohol": 30.0,
    "price": 79.99,
    "alcoholPerPrice": 0.37504688
  },
  {
    "key": "Black Caribica Rum700.037.5",
    "storesList": null,
    "name": "Black Caribica Rum",
    "type": "Sprit",
    "subtype": "Rom",
    "volume": 700.0,
    "pricePerLitre": 114.27143,
    "alcohol": 37.5,
    "price": 79.99,
    "alcoholPerPrice": 0.328166
  },
  {
    "key": "Hansen Rom Bl1000.040.0",
    "storesList": null,
    "name": "Hansen Rom Bl",
    "type": "Sprit",
    "subtype": "Rom",
    "volume": 1000.0,
    "pricePerLitre": 89.33,
    "alcohol": 40.0,
    "price": 89.33,
    "alcoholPerPrice": 0.4477779
  },
  {
    "key": "Ron Quorhum 23 Anos Solera700.040.0",
    "storesList": null,
    "name": "Ron Quorhum 23 Anos Solera",
    "type": "Sprit",
    "subtype": "Rom",
    "volume": 700.0,
    "pricePerLitre": 499.98572,
    "alcohol": 40.0,
    "price": 349.99,
    "alcoholPerPrice": 0.080002286
  },
  {
    "key": "Cabo Bay White Rum700.037.5",
    "storesList": null,
    "name": "Cabo Bay White Rum",
    "type": "Sprit",
    "subtype": "Rom",
    "volume": 700.0,
    "pricePerLitre": 85.700005,
    "alcohol": 37.5,
    "price": 59.99,
    "alcoholPerPrice": 0.4375729
  },
  {
    "key": "Ron Quorhum 30 Anos Solera700.040.0",
    "storesList": null,
    "name": "Ron Quorhum 30 Anos Solera",
    "type": "Sprit",
    "subtype": "Rom",
    "volume": 700.0,
    "pricePerLitre": 642.84283,
    "alcohol": 40.0,
    "price": 449.99,
    "alcoholPerPrice": 0.062223606
  },
  {
    "key": "Bumbu XO700.040.0",
    "storesList": null,
    "name": "Bumbu XO",
    "type": "Sprit",
    "subtype": "Rom",
    "volume": 700.0,
    "pricePerLitre": 457.12857,
    "alcohol": 40.0,
    "price": 319.99,
    "alcoholPerPrice": 0.08750273
  },
  {
    "key": "Barcelo Imperial ONYX700.038.0",
    "storesList": null,
    "name": "Barcelo Imperial ONYX",
    "type": "Sprit",
    "subtype": "Rom",
    "volume": 700.0,
    "pricePerLitre": 314.27145,
    "alcohol": 38.0,
    "price": 219.99,
    "alcoholPerPrice": 0.12091458
  },
  {
    "key": "Rum Plantation Barbados Grande Réserve 5 Years700.040.0",
    "storesList": null,
    "name": "Rum Plantation Barbados Grande Réserve 5 Years",
    "type": "Sprit",
    "subtype": "Rom",
    "volume": 700.0,
    "pricePerLitre": 242.84286,
    "alcohol": 40.0,
    "price": 169.99,
    "alcoholPerPrice": 0.16471557
  },
  {
    "key": "Ron Barcelo Imperial700.038.0",
    "storesList": null,
    "name": "Ron Barcelo Imperial",
    "type": "Sprit",
    "subtype": "Rom",
    "volume": 700.0,
    "pricePerLitre": 257.12857,
    "alcohol": 38.0,
    "price": 179.99,
    "alcoholPerPrice": 0.14778599
  },
  {
    "key": "Plantation original Dar1000.040.0",
    "storesList": null,
    "name": "Plantation original Dar",
    "type": "Sprit",
    "subtype": "Rom",
    "volume": 1000.0,
    "pricePerLitre": 169.99,
    "alcohol": 40.0,
    "price": 169.99,
    "alcoholPerPrice": 0.23530795
  },
  {
    "key": "No.1 Premium Rum3000.037.5",
    "storesList": null,
    "name": "No.1 Premium Rum",
    "type": "Sprit",
    "subtype": "Rom",
    "volume": 3000.0,
    "pricePerLitre": 66.66334,
    "alcohol": 37.5,
    "price": 199.99,
    "alcoholPerPrice": 0.5625281
  },
  {
    "key": "Hansen Golden Rum1000.037.5",
    "storesList": null,
    "name": "Hansen Golden Rum",
    "type": "Sprit",
    "subtype": "Rom",
    "volume": 1000.0,
    "pricePerLitre": 99.99,
    "alcohol": 37.5,
    "price": 99.99,
    "alcoholPerPrice": 0.37503752
  },
  {
    "key": "Bacardi Oakhear1000.035.0",
    "storesList": null,
    "name": "Bacardi Oakhear",
    "type": "Sprit",
    "subtype": "Rom",
    "volume": 1000.0,
    "pricePerLitre": 126.58,
    "alcohol": 35.0,
    "price": 126.58,
    "alcoholPerPrice": 0.27650496
  },
  {
    "key": "Havana Club Seleccion de Maestros700.045.0",
    "storesList": null,
    "name": "Havana Club Seleccion de Maestros",
    "type": "Sprit",
    "subtype": "Rom",
    "volume": 700.0,
    "pricePerLitre": 428.55713,
    "alcohol": 45.0,
    "price": 299.99,
    "alcoholPerPrice": 0.105003506
  },
  {
    "key": "Hansen Rom Rød700.054.0",
    "storesList": null,
    "name": "Hansen Rom Rød",
    "type": "Sprit",
    "subtype": "Rom",
    "volume": 700.0,
    "pricePerLitre": 121.41428,
    "alcohol": 54.0,
    "price": 84.99,
    "alcoholPerPrice": 0.4447582
  },
  {
    "key": "Plantation Xaymaca700.043.0",
    "storesList": null,
    "name": "Plantation Xaymaca",
    "type": "Sprit",
    "subtype": "Rom",
    "volume": 700.0,
    "pricePerLitre": 285.7,
    "alcohol": 43.0,
    "price": 199.99,
    "alcoholPerPrice": 0.15050752
  },
  {
    "key": "Rum-Tasting Set25000.040.3",
    "storesList": null,
    "name": "Rum-Tasting Set",
    "type": "Sprit",
    "subtype": "Rom",
    "volume": 25000.0,
    "pricePerLitre": 6.7996,
    "alcohol": 40.3,
    "price": 169.99,
    "alcoholPerPrice": 5.926819
  },
  {
    "key": "Rum Plantation Barbados Grande Réserv1000.040.0",
    "storesList": null,
    "name": "Rum Plantation Barbados Grande Réserv",
    "type": "Sprit",
    "subtype": "Rom",
    "volume": 1000.0,
    "pricePerLitre": 186.18,
    "alcohol": 40.0,
    "price": 186.18,
    "alcoholPerPrice": 0.21484585
  },
  {
    "key": "Caribica White Rum1000.037.5",
    "storesList": null,
    "name": "Caribica White Rum",
    "type": "Sprit",
    "subtype": "Rom",
    "volume": 1000.0,
    "pricePerLitre": 79.99,
    "alcohol": 37.5,
    "price": 79.99,
    "alcoholPerPrice": 0.46880862
  },
  {
    "key": "Ron Barcelo Gran Anejo1000.037.5",
    "storesList": null,
    "name": "Ron Barcelo Gran Anejo",
    "type": "Sprit",
    "subtype": "Rom",
    "volume": 1000.0,
    "pricePerLitre": 139.99,
    "alcohol": 37.5,
    "price": 139.99,
    "alcoholPerPrice": 0.26787627
  },
  {
    "key": "Cabo Bay Brown Rum700.037.5",
    "storesList": null,
    "name": "Cabo Bay Brown Rum",
    "type": "Sprit",
    "subtype": "Rom",
    "volume": 700.0,
    "pricePerLitre": 85.700005,
    "alcohol": 37.5,
    "price": 59.99,
    "alcoholPerPrice": 0.4375729
  },
  {
    "key": "Rum Plantation \"Barbados Extra Old 20\"700.040.0",
    "storesList": null,
    "name": "Rum Plantation \"Barbados Extra Old 20\"",
    "type": "Sprit",
    "subtype": "Rom",
    "volume": 700.0,
    "pricePerLitre": 571.4143,
    "alcohol": 40.0,
    "price": 399.99,
    "alcoholPerPrice": 0.07000175
  },
  {
    "key": "Kirk and Sweeney 18YO700.040.0",
    "storesList": null,
    "name": "Kirk and Sweeney 18YO",
    "type": "Sprit",
    "subtype": "Rom",
    "volume": 700.0,
    "pricePerLitre": 571.4143,
    "alcohol": 40.0,
    "price": 399.99,
    "alcoholPerPrice": 0.07000175
  },
  {
    "key": "Rum Plantation X-Ma1000.040.0",
    "storesList": null,
    "name": "Rum Plantation X-Ma",
    "type": "Sprit",
    "subtype": "Rom",
    "volume": 1000.0,
    "pricePerLitre": 299.99,
    "alcohol": 40.0,
    "price": 299.99,
    "alcoholPerPrice": 0.13333778
  },
  {
    "key": "Ron Barco Navy Strength700.060.0",
    "storesList": null,
    "name": "Ron Barco Navy Strength",
    "type": "Sprit",
    "subtype": "Rom",
    "volume": 700.0,
    "pricePerLitre": 357.1286,
    "alcohol": 60.0,
    "price": 249.99,
    "alcoholPerPrice": 0.1680067
  },
  {
    "key": "Fad no. 6 sherry750.020.0",
    "storesList": null,
    "name": "Fad no. 6 sherry",
    "type": "Sprit",
    "subtype": "Sherry",
    "volume": 750.0,
    "pricePerLitre": 93.32,
    "alcohol": 20.0,
    "price": 69.99,
    "alcoholPerPrice": 0.21431634
  },
  {
    "key": "Sandemann Sherry Dry Seco750.015.0",
    "storesList": null,
    "name": "Sandemann Sherry Dry Seco",
    "type": "Sprit",
    "subtype": "Sherry",
    "volume": 750.0,
    "pricePerLitre": 66.653336,
    "alcohol": 15.0,
    "price": 49.99,
    "alcoholPerPrice": 0.225045
  },
  {
    "key": "Sandeman Medium Dry Sherry750.015.0",
    "storesList": null,
    "name": "Sandeman Medium Dry Sherry",
    "type": "Sprit",
    "subtype": "Sherry",
    "volume": 750.0,
    "pricePerLitre": 66.653336,
    "alcohol": 15.0,
    "price": 49.99,
    "alcoholPerPrice": 0.225045
  },
  {
    "key": "H & H Madeira Medium Rich 5 år750.019.0",
    "storesList": null,
    "name": "H & H Madeira Medium Rich 5 år",
    "type": "Sprit",
    "subtype": "Sherry",
    "volume": 750.0,
    "pricePerLitre": 106.653336,
    "alcohol": 19.0,
    "price": 79.99,
    "alcoholPerPrice": 0.17814727
  },
  {
    "key": "Små Sure Twisted 11000.06.4",
    "storesList": null,
    "name": "Små Sure Twisted 1",
    "type": "Sprit",
    "subtype": "Shots",
    "volume": 1000.0,
    "pricePerLitre": 66.98,
    "alcohol": 6.4,
    "price": 66.98,
    "alcoholPerPrice": 0.09555091
  },
  {
    "key": "Sismofytter Original700.016.4",
    "storesList": null,
    "name": "Sismofytter Original",
    "type": "Sprit",
    "subtype": "Shots",
    "volume": 700.0,
    "pricePerLitre": 114.27143,
    "alcohol": 16.4,
    "price": 79.99,
    "alcoholPerPrice": 0.14351793
  },
  {
    "key": "Små Sure Bubble Fizz1000.016.4",
    "storesList": null,
    "name": "Små Sure Bubble Fizz",
    "type": "Sprit",
    "subtype": "Shots",
    "volume": 1000.0,
    "pricePerLitre": 66.98,
    "alcohol": 16.4,
    "price": 66.98,
    "alcoholPerPrice": 0.24484919
  },
  {
    "key": "Råstoff Pure Liquorice Shot700.016.4",
    "storesList": null,
    "name": "Råstoff Pure Liquorice Shot",
    "type": "Sprit",
    "subtype": "Shots",
    "volume": 700.0,
    "pricePerLitre": 157.12857,
    "alcohol": 16.4,
    "price": 109.99,
    "alcoholPerPrice": 0.10437312
  },
  {
    "key": "Små Sure Melon1000.016.4",
    "storesList": null,
    "name": "Små Sure Melon",
    "type": "Sprit",
    "subtype": "Shots",
    "volume": 1000.0,
    "pricePerLitre": 66.98,
    "alcohol": 16.4,
    "price": 66.98,
    "alcoholPerPrice": 0.24484919
  },
  {
    "key": "Råstoff Lakrids Shot700.016.4",
    "storesList": null,
    "name": "Råstoff Lakrids Shot",
    "type": "Sprit",
    "subtype": "Shots",
    "volume": 700.0,
    "pricePerLitre": 157.12857,
    "alcohol": 16.4,
    "price": 109.99,
    "alcoholPerPrice": 0.10437312
  },
  {
    "key": "Små Sure Æble1000.016.4",
    "storesList": null,
    "name": "Små Sure Æble",
    "type": "Sprit",
    "subtype": "Shots",
    "volume": 1000.0,
    "pricePerLitre": 66.98,
    "alcohol": 16.4,
    "price": 66.98,
    "alcoholPerPrice": 0.24484919
  },
  {
    "key": "Små Blå1000.016.4",
    "storesList": null,
    "name": "Små Blå",
    "type": "Sprit",
    "subtype": "Shots",
    "volume": 1000.0,
    "pricePerLitre": 66.98,
    "alcohol": 16.4,
    "price": 66.98,
    "alcoholPerPrice": 0.24484919
  },
  {
    "key": "Små Gule1000.016.4",
    "storesList": null,
    "name": "Små Gule",
    "type": "Sprit",
    "subtype": "Shots",
    "volume": 1000.0,
    "pricePerLitre": 66.98,
    "alcohol": 16.4,
    "price": 66.98,
    "alcoholPerPrice": 0.24484919
  },
  {
    "key": "Små Party Mix rør10000.016.4",
    "storesList": null,
    "name": "Små Party Mix rør",
    "type": "Sprit",
    "subtype": "Shots",
    "volume": 10000.0,
    "pricePerLitre": 2.999,
    "alcohol": 16.4,
    "price": 29.99,
    "alcoholPerPrice": 5.468489
  },
  {
    "key": "Råstoff Jordbær/Rabarber Shot700.016.4",
    "storesList": null,
    "name": "Råstoff Jordbær/Rabarber Shot",
    "type": "Sprit",
    "subtype": "Shots",
    "volume": 700.0,
    "pricePerLitre": 157.12857,
    "alcohol": 16.4,
    "price": 109.99,
    "alcoholPerPrice": 0.10437312
  },
  {
    "key": "Små Konger1000.016.4",
    "storesList": null,
    "name": "Små Konger",
    "type": "Sprit",
    "subtype": "Shots",
    "volume": 1000.0,
    "pricePerLitre": 66.98,
    "alcohol": 16.4,
    "price": 66.98,
    "alcoholPerPrice": 0.24484919
  },
  {
    "key": "Små Sure Jungle Fruits1000.016.4",
    "storesList": null,
    "name": "Små Sure Jungle Fruits",
    "type": "Sprit",
    "subtype": "Shots",
    "volume": 1000.0,
    "pricePerLitre": 66.98,
    "alcohol": 16.4,
    "price": 66.98,
    "alcoholPerPrice": 0.24484919
  },
  {
    "key": "Råstoff Salty Caramel Shot700.016.4",
    "storesList": null,
    "name": "Råstoff Salty Caramel Shot",
    "type": "Sprit",
    "subtype": "Shots",
    "volume": 700.0,
    "pricePerLitre": 157.12857,
    "alcohol": 16.4,
    "price": 109.99,
    "alcoholPerPrice": 0.10437312
  },
  {
    "key": "GaJol Granatæble1000.016.4",
    "storesList": null,
    "name": "GaJol Granatæble",
    "type": "Sprit",
    "subtype": "Shots",
    "volume": 1000.0,
    "pricePerLitre": 89.99,
    "alcohol": 16.4,
    "price": 89.99,
    "alcoholPerPrice": 0.18224247
  },
  {
    "key": "Små Sure Blåbær1000.016.4",
    "storesList": null,
    "name": "Små Sure Blåbær",
    "type": "Sprit",
    "subtype": "Shots",
    "volume": 1000.0,
    "pricePerLitre": 66.98,
    "alcohol": 16.4,
    "price": 66.98,
    "alcoholPerPrice": 0.24484919
  },
  {
    "key": "Små Shots Party Mix20000.016.4",
    "storesList": null,
    "name": "Små Shots Party Mix",
    "type": "Sprit",
    "subtype": "Shots",
    "volume": 20000.0,
    "pricePerLitre": 3.2495,
    "alcohol": 16.4,
    "price": 64.99,
    "alcoholPerPrice": 5.0469303
  },
  {
    "key": "Små Sure Shots Cola1000.016.4",
    "storesList": null,
    "name": "Små Sure Shots Cola",
    "type": "Sprit",
    "subtype": "Shots",
    "volume": 1000.0,
    "pricePerLitre": 66.98,
    "alcohol": 16.4,
    "price": 66.98,
    "alcoholPerPrice": 0.24484919
  },
  {
    "key": "Små Ugler1000.016.4",
    "storesList": null,
    "name": "Små Ugler",
    "type": "Sprit",
    "subtype": "Shots",
    "volume": 1000.0,
    "pricePerLitre": 66.98,
    "alcohol": 16.4,
    "price": 66.98,
    "alcoholPerPrice": 0.24484919
  },
  {
    "key": "Små Søde Jordbæ1000.015.0",
    "storesList": null,
    "name": "Små Søde Jordbæ",
    "type": "Sprit",
    "subtype": "Shots",
    "volume": 1000.0,
    "pricePerLitre": 66.98,
    "alcohol": 15.0,
    "price": 66.98,
    "alcoholPerPrice": 0.22394744
  },
  {
    "key": "Små Sure Shots Jordbær1000.016.4",
    "storesList": null,
    "name": "Små Sure Shots Jordbær",
    "type": "Sprit",
    "subtype": "Shots",
    "volume": 1000.0,
    "pricePerLitre": 66.98,
    "alcohol": 16.4,
    "price": 66.98,
    "alcoholPerPrice": 0.24484919
  },
  {
    "key": "GaJol Blå1000.016.4",
    "storesList": null,
    "name": "GaJol Blå",
    "type": "Sprit",
    "subtype": "Shots",
    "volume": 1000.0,
    "pricePerLitre": 89.99,
    "alcohol": 16.4,
    "price": 89.99,
    "alcoholPerPrice": 0.18224247
  },
  {
    "key": "Gajol Granatæble700.030.0",
    "storesList": null,
    "name": "Gajol Granatæble",
    "type": "Sprit",
    "subtype": "Shots",
    "volume": 700.0,
    "pricePerLitre": 128.55714,
    "alcohol": 30.0,
    "price": 89.99,
    "alcoholPerPrice": 0.23335926
  },
  {
    "key": "Gajol Shot Blå700.030.0",
    "storesList": null,
    "name": "Gajol Shot Blå",
    "type": "Sprit",
    "subtype": "Shots",
    "volume": 700.0,
    "pricePerLitre": 128.55714,
    "alcohol": 30.0,
    "price": 89.99,
    "alcoholPerPrice": 0.23335926
  },
  {
    "key": "Gammel Dansk Shot700.032.0",
    "storesList": null,
    "name": "Gammel Dansk Shot",
    "type": "Sprit",
    "subtype": "Shots",
    "volume": 700.0,
    "pricePerLitre": 128.55714,
    "alcohol": 32.0,
    "price": 89.99,
    "alcoholPerPrice": 0.24891654
  },
  {
    "key": "Fisk Special Edition1000.016.4",
    "storesList": null,
    "name": "Fisk Special Edition",
    "type": "Sprit",
    "subtype": "Shots",
    "volume": 1000.0,
    "pricePerLitre": 89.99,
    "alcohol": 16.4,
    "price": 89.99,
    "alcoholPerPrice": 0.18224247
  },
  {
    "key": "GaJol Gul1000.016.4",
    "storesList": null,
    "name": "GaJol Gul",
    "type": "Sprit",
    "subtype": "Shots",
    "volume": 1000.0,
    "pricePerLitre": 89.99,
    "alcohol": 16.4,
    "price": 89.99,
    "alcoholPerPrice": 0.18224247
  },
  {
    "key": "Kleiner Feigling500.020.0",
    "storesList": null,
    "name": "Kleiner Feigling",
    "type": "Sprit",
    "subtype": "Shots",
    "volume": 500.0,
    "pricePerLitre": 109.98,
    "alcohol": 20.0,
    "price": 54.99,
    "alcoholPerPrice": 0.18185124
  },
  {
    "key": "Simply Hindbær700.016.4",
    "storesList": null,
    "name": "Simply Hindbær",
    "type": "Sprit",
    "subtype": "Shots",
    "volume": 700.0,
    "pricePerLitre": 85.700005,
    "alcohol": 16.4,
    "price": 59.99,
    "alcoholPerPrice": 0.19136521
  },
  {
    "key": "Simply Passion700.016.4",
    "storesList": null,
    "name": "Simply Passion",
    "type": "Sprit",
    "subtype": "Shots",
    "volume": 700.0,
    "pricePerLitre": 85.700005,
    "alcohol": 16.4,
    "price": 59.99,
    "alcoholPerPrice": 0.19136521
  },
  {
    "key": "Gajol Shot Gul700.030.0",
    "storesList": null,
    "name": "Gajol Shot Gul",
    "type": "Sprit",
    "subtype": "Shots",
    "volume": 700.0,
    "pricePerLitre": 128.55714,
    "alcohol": 30.0,
    "price": 89.99,
    "alcoholPerPrice": 0.23335926
  },
  {
    "key": "Hot n' Swee1000.032.0",
    "storesList": null,
    "name": "Hot n' Swee",
    "type": "Sprit",
    "subtype": "Shots",
    "volume": 1000.0,
    "pricePerLitre": 109.99,
    "alcohol": 32.0,
    "price": 109.99,
    "alcoholPerPrice": 0.29093555
  },
  {
    "key": "Dracula Shots700.016.4",
    "storesList": null,
    "name": "Dracula Shots",
    "type": "Sprit",
    "subtype": "Shots",
    "volume": 700.0,
    "pricePerLitre": 114.27143,
    "alcohol": 16.4,
    "price": 79.99,
    "alcoholPerPrice": 0.14351793
  },
  {
    "key": "Råstoff Mix Rør10000.016.4",
    "storesList": null,
    "name": "Råstoff Mix Rør",
    "type": "Sprit",
    "subtype": "Shots",
    "volume": 10000.0,
    "pricePerLitre": 2.999,
    "alcohol": 16.4,
    "price": 29.99,
    "alcoholPerPrice": 5.468489
  },
  {
    "key": "Minttu Twist Bubble-Gum500.016.0",
    "storesList": null,
    "name": "Minttu Twist Bubble-Gum",
    "type": "Sprit",
    "subtype": "Shots",
    "volume": 500.0,
    "pricePerLitre": 89.26,
    "alcohol": 16.0,
    "price": 44.63,
    "alcoholPerPrice": 0.17925163
  },
  {
    "key": "Minttu Twist Polka500.016.0",
    "storesList": null,
    "name": "Minttu Twist Polka",
    "type": "Sprit",
    "subtype": "Shots",
    "volume": 500.0,
    "pricePerLitre": 89.26,
    "alcohol": 16.0,
    "price": 44.63,
    "alcoholPerPrice": 0.17925163
  },
  {
    "key": "Minttu Polar Pear500.035.0",
    "storesList": null,
    "name": "Minttu Polar Pear",
    "type": "Sprit",
    "subtype": "Shots",
    "volume": 500.0,
    "pricePerLitre": 133.96,
    "alcohol": 35.0,
    "price": 66.98,
    "alcoholPerPrice": 0.261272
  },
  {
    "key": "Sourz Tropical Blue700.015.0",
    "storesList": null,
    "name": "Sourz Tropical Blue",
    "type": "Sprit",
    "subtype": "Shots",
    "volume": 700.0,
    "pricePerLitre": 99.98571,
    "alcohol": 15.0,
    "price": 69.99,
    "alcoholPerPrice": 0.15002143
  },
  {
    "key": "Små Grønne Shots99.9999916.4",
    "storesList": null,
    "name": "Små Grønne Shots",
    "type": "Sprit",
    "subtype": "Shots",
    "volume": 99.99999,
    "pricePerLitre": 299.90002,
    "alcohol": 16.4,
    "price": 29.99,
    "alcoholPerPrice": 0.05468489
  },
  {
    "key": "Minttu Twist Laqriz500.016.0",
    "storesList": null,
    "name": "Minttu Twist Laqriz",
    "type": "Sprit",
    "subtype": "Shots",
    "volume": 500.0,
    "pricePerLitre": 89.26,
    "alcohol": 16.0,
    "price": 44.63,
    "alcoholPerPrice": 0.17925163
  },
  {
    "key": "Små Jule Shots1000.016.4",
    "storesList": null,
    "name": "Små Jule Shots",
    "type": "Sprit",
    "subtype": "Shots",
    "volume": 1000.0,
    "pricePerLitre": 55.0,
    "alcohol": 16.4,
    "price": 55.0,
    "alcoholPerPrice": 0.2981818
  },
  {
    "key": "R(h)ein Spritzer Grøn Likør20.015.0",
    "storesList": null,
    "name": "R(h)ein Spritzer Grøn Likør",
    "type": "Sprit",
    "subtype": "Shots",
    "volume": 20.0,
    "pricePerLitre": 349.5,
    "alcohol": 15.0,
    "price": 6.99,
    "alcoholPerPrice": 0.042918455
  },
  {
    "key": "R(h)ein Spritzer Rød Likør20.015.0",
    "storesList": null,
    "name": "R(h)ein Spritzer Rød Likør",
    "type": "Sprit",
    "subtype": "Shots",
    "volume": 20.0,
    "pricePerLitre": 349.5,
    "alcohol": 15.0,
    "price": 6.99,
    "alcoholPerPrice": 0.042918455
  },
  {
    "key": "Små Sure Melon rør100000.016.4",
    "storesList": null,
    "name": "Små Sure Melon rør",
    "type": "Sprit",
    "subtype": "Shots",
    "volume": 100000.0,
    "pricePerLitre": 2.3999,
    "alcohol": 16.4,
    "price": 239.99,
    "alcoholPerPrice": 6.833618
  },
  {
    "key": "Små Blå rør99.9999916.4",
    "storesList": null,
    "name": "Små Blå rør",
    "type": "Sprit",
    "subtype": "Shots",
    "volume": 99.99999,
    "pricePerLitre": 299.90002,
    "alcohol": 16.4,
    "price": 29.99,
    "alcoholPerPrice": 0.05468489
  },
  {
    "key": "Små Jule Shot Æble Chai1000.016.4",
    "storesList": null,
    "name": "Små Jule Shot Æble Chai",
    "type": "Sprit",
    "subtype": "Shots",
    "volume": 1000.0,
    "pricePerLitre": 55.0,
    "alcohol": 16.4,
    "price": 55.0,
    "alcoholPerPrice": 0.2981818
  },
  {
    "key": "Sierra Tequila Silve1000.038.0",
    "storesList": null,
    "name": "Sierra Tequila Silve",
    "type": "Sprit",
    "subtype": "Tequila",
    "volume": 1000.0,
    "pricePerLitre": 149.99,
    "alcohol": 38.0,
    "price": 149.99,
    "alcoholPerPrice": 0.25335023
  },
  {
    "key": "Sierra Tequila Reposad1000.038.0",
    "storesList": null,
    "name": "Sierra Tequila Reposad",
    "type": "Sprit",
    "subtype": "Tequila",
    "volume": 1000.0,
    "pricePerLitre": 149.99,
    "alcohol": 38.0,
    "price": 149.99,
    "alcoholPerPrice": 0.25335023
  },
  {
    "key": "Jose Cuervo Tequila Gold700.038.0",
    "storesList": null,
    "name": "Jose Cuervo Tequila Gold",
    "type": "Sprit",
    "subtype": "Tequila",
    "volume": 700.0,
    "pricePerLitre": 185.70001,
    "alcohol": 38.0,
    "price": 129.99,
    "alcoholPerPrice": 0.2046311
  },
  {
    "key": "Cuervo Tequila Silver700.038.0",
    "storesList": null,
    "name": "Cuervo Tequila Silver",
    "type": "Sprit",
    "subtype": "Tequila",
    "volume": 700.0,
    "pricePerLitre": 185.70001,
    "alcohol": 38.0,
    "price": 129.99,
    "alcoholPerPrice": 0.2046311
  },
  {
    "key": "Sierra Tequila Gold3000.038.0",
    "storesList": null,
    "name": "Sierra Tequila Gold",
    "type": "Sprit",
    "subtype": "Tequila",
    "volume": 3000.0,
    "pricePerLitre": 159.99667,
    "alcohol": 38.0,
    "price": 479.99,
    "alcoholPerPrice": 0.23750494
  },
  {
    "key": "Martini Bianco750.014.4",
    "storesList": null,
    "name": "Martini Bianco",
    "type": "Sprit",
    "subtype": "Vermouth",
    "volume": 750.0,
    "pricePerLitre": 59.506668,
    "alcohol": 14.4,
    "price": 44.63,
    "alcoholPerPrice": 0.24198969
  },
  {
    "key": "Martini Rosso750.014.4",
    "storesList": null,
    "name": "Martini Rosso",
    "type": "Sprit",
    "subtype": "Vermouth",
    "volume": 750.0,
    "pricePerLitre": 59.506668,
    "alcohol": 14.4,
    "price": 44.63,
    "alcoholPerPrice": 0.24198969
  },
  {
    "key": "Martini Extra Dry750.015.0",
    "storesList": null,
    "name": "Martini Extra Dry",
    "type": "Sprit",
    "subtype": "Vermouth",
    "volume": 750.0,
    "pricePerLitre": 59.506668,
    "alcohol": 15.0,
    "price": 44.63,
    "alcoholPerPrice": 0.2520726
  },
  {
    "key": "Martini Fiero750.014.4",
    "storesList": null,
    "name": "Martini Fiero",
    "type": "Sprit",
    "subtype": "Vermouth",
    "volume": 750.0,
    "pricePerLitre": 59.506668,
    "alcohol": 14.4,
    "price": 44.63,
    "alcoholPerPrice": 0.24198969
  },
  {
    "key": "Perlino Vermouth Dr1000.015.0",
    "storesList": null,
    "name": "Perlino Vermouth Dr",
    "type": "Sprit",
    "subtype": "Vermouth",
    "volume": 1000.0,
    "pricePerLitre": 39.99,
    "alcohol": 15.0,
    "price": 39.99,
    "alcoholPerPrice": 0.37509376
  },
  {
    "key": "Perlino vermouth Bianc1000.015.0",
    "storesList": null,
    "name": "Perlino vermouth Bianc",
    "type": "Sprit",
    "subtype": "Vermouth",
    "volume": 1000.0,
    "pricePerLitre": 39.99,
    "alcohol": 15.0,
    "price": 39.99,
    "alcoholPerPrice": 0.37509376
  },
  {
    "key": "Noilly Prat Dr1000.018.0",
    "storesList": null,
    "name": "Noilly Prat Dr",
    "type": "Sprit",
    "subtype": "Vermouth",
    "volume": 1000.0,
    "pricePerLitre": 119.99,
    "alcohol": 18.0,
    "price": 119.99,
    "alcoholPerPrice": 0.15001251
  },
  {
    "key": "Cinzano Ross1000.015.0",
    "storesList": null,
    "name": "Cinzano Ross",
    "type": "Sprit",
    "subtype": "Vermouth",
    "volume": 1000.0,
    "pricePerLitre": 59.99,
    "alcohol": 15.0,
    "price": 59.99,
    "alcoholPerPrice": 0.25004166
  },
  {
    "key": "Cinzano Bianc1000.015.0",
    "storesList": null,
    "name": "Cinzano Bianc",
    "type": "Sprit",
    "subtype": "Vermouth",
    "volume": 1000.0,
    "pricePerLitre": 59.99,
    "alcohol": 15.0,
    "price": 59.99,
    "alcoholPerPrice": 0.25004166
  },
  {
    "key": "Perlino vermouth Ross1000.015.0",
    "storesList": null,
    "name": "Perlino vermouth Ross",
    "type": "Sprit",
    "subtype": "Vermouth",
    "volume": 1000.0,
    "pricePerLitre": 39.99,
    "alcohol": 15.0,
    "price": 39.99,
    "alcoholPerPrice": 0.37509376
  },
  {
    "key": "Cinzano Extra Dr1000.018.0",
    "storesList": null,
    "name": "Cinzano Extra Dr",
    "type": "Sprit",
    "subtype": "Vermouth",
    "volume": 1000.0,
    "pricePerLitre": 59.99,
    "alcohol": 18.0,
    "price": 59.99,
    "alcoholPerPrice": 0.30005
  },
  {
    "key": "Absolut Vodk1000.040.0",
    "storesList": null,
    "name": "Absolut Vodk",
    "type": "Sprit",
    "subtype": "Vodka",
    "volume": 1000.0,
    "pricePerLitre": 111.68,
    "alcohol": 40.0,
    "price": 111.68,
    "alcoholPerPrice": 0.3581662
  },
  {
    "key": "Belvedere Vodk1000.040.0",
    "storesList": null,
    "name": "Belvedere Vodk",
    "type": "Sprit",
    "subtype": "Vodka",
    "volume": 1000.0,
    "pricePerLitre": 283.03,
    "alcohol": 40.0,
    "price": 283.03,
    "alcoholPerPrice": 0.14132777
  },
  {
    "key": "Jelzin Vodka Bag in Box3000.037.5",
    "storesList": null,
    "name": "Jelzin Vodka Bag in Box",
    "type": "Sprit",
    "subtype": "Vodka",
    "volume": 3000.0,
    "pricePerLitre": 62.059998,
    "alcohol": 37.5,
    "price": 186.18,
    "alcoholPerPrice": 0.60425395
  },
  {
    "key": "Smirnoff Vodka1000.037.5",
    "storesList": null,
    "name": "Smirnoff Vodka",
    "type": "Sprit",
    "subtype": "Vodka",
    "volume": 1000.0,
    "pricePerLitre": 104.23,
    "alcohol": 37.5,
    "price": 104.23,
    "alcoholPerPrice": 0.35978124
  },
  {
    "key": "Primakov Vodka700.037.5",
    "storesList": null,
    "name": "Primakov Vodka",
    "type": "Sprit",
    "subtype": "Vodka",
    "volume": 700.0,
    "pricePerLitre": 63.757145,
    "alcohol": 37.5,
    "price": 44.63,
    "alcoholPerPrice": 0.5881694
  },
  {
    "key": "Smirnoff Red Magnumflaske1500.037.5",
    "storesList": null,
    "name": "Smirnoff Red Magnumflaske",
    "type": "Sprit",
    "subtype": "Vodka",
    "volume": 1500.0,
    "pricePerLitre": 106.66,
    "alcohol": 37.5,
    "price": 159.99,
    "alcoholPerPrice": 0.35158446
  },
  {
    "key": "No.1 Premium Vodka3000.037.5",
    "storesList": null,
    "name": "No.1 Premium Vodka",
    "type": "Sprit",
    "subtype": "Vodka",
    "volume": 3000.0,
    "pricePerLitre": 66.66334,
    "alcohol": 37.5,
    "price": 199.99,
    "alcoholPerPrice": 0.5625281
  },
  {
    "key": "Cuba Caramel700.030.0",
    "storesList": null,
    "name": "Cuba Caramel",
    "type": "Sprit",
    "subtype": "Vodka",
    "volume": 700.0,
    "pricePerLitre": 99.98571,
    "alcohol": 30.0,
    "price": 69.99,
    "alcoholPerPrice": 0.30004287
  },
  {
    "key": "Cuba Pure Vodka700.037.5",
    "storesList": null,
    "name": "Cuba Pure Vodka",
    "type": "Sprit",
    "subtype": "Vodka",
    "volume": 700.0,
    "pricePerLitre": 99.98571,
    "alcohol": 37.5,
    "price": 69.99,
    "alcoholPerPrice": 0.37505358
  },
  {
    "key": "Cuba Dry Lemon700.030.0",
    "storesList": null,
    "name": "Cuba Dry Lemon",
    "type": "Sprit",
    "subtype": "Vodka",
    "volume": 700.0,
    "pricePerLitre": 99.98571,
    "alcohol": 30.0,
    "price": 69.99,
    "alcoholPerPrice": 0.30004287
  },
  {
    "key": "Smirnoff Vodka700.037.5",
    "storesList": null,
    "name": "Smirnoff Vodka",
    "type": "Sprit",
    "subtype": "Vodka",
    "volume": 700.0,
    "pricePerLitre": 142.84286,
    "alcohol": 37.5,
    "price": 99.99,
    "alcoholPerPrice": 0.26252624
  },
  {
    "key": "No.1 Premium Vodka1000.037.5",
    "storesList": null,
    "name": "No.1 Premium Vodka",
    "type": "Sprit",
    "subtype": "Vodka",
    "volume": 1000.0,
    "pricePerLitre": 79.99,
    "alcohol": 37.5,
    "price": 79.99,
    "alcoholPerPrice": 0.46880862
  },
  {
    "key": "Cuba Mango700.030.0",
    "storesList": null,
    "name": "Cuba Mango",
    "type": "Sprit",
    "subtype": "Vodka",
    "volume": 700.0,
    "pricePerLitre": 99.98571,
    "alcohol": 30.0,
    "price": 69.99,
    "alcoholPerPrice": 0.30004287
  },
  {
    "key": "Jelzin Vodka700.037.5",
    "storesList": null,
    "name": "Jelzin Vodka",
    "type": "Sprit",
    "subtype": "Vodka",
    "volume": 700.0,
    "pricePerLitre": 99.98571,
    "alcohol": 37.5,
    "price": 69.99,
    "alcoholPerPrice": 0.37505358
  },
  {
    "key": "Cuba Orange700.030.0",
    "storesList": null,
    "name": "Cuba Orange",
    "type": "Sprit",
    "subtype": "Vodka",
    "volume": 700.0,
    "pricePerLitre": 99.98571,
    "alcohol": 30.0,
    "price": 69.99,
    "alcoholPerPrice": 0.30004287
  },
  {
    "key": "Cuba Strawberry700.030.0",
    "storesList": null,
    "name": "Cuba Strawberry",
    "type": "Sprit",
    "subtype": "Vodka",
    "volume": 700.0,
    "pricePerLitre": 99.98571,
    "alcohol": 30.0,
    "price": 69.99,
    "alcoholPerPrice": 0.30004287
  },
  {
    "key": "Ciroc Vodka700.040.0",
    "storesList": null,
    "name": "Ciroc Vodka",
    "type": "Sprit",
    "subtype": "Vodka",
    "volume": 700.0,
    "pricePerLitre": 285.7,
    "alcohol": 40.0,
    "price": 199.99,
    "alcoholPerPrice": 0.14000699
  },
  {
    "key": "Cuba Pineapple700.030.0",
    "storesList": null,
    "name": "Cuba Pineapple",
    "type": "Sprit",
    "subtype": "Vodka",
    "volume": 700.0,
    "pricePerLitre": 99.98571,
    "alcohol": 30.0,
    "price": 69.99,
    "alcoholPerPrice": 0.30004287
  },
  {
    "key": "Cuba Passion700.030.0",
    "storesList": null,
    "name": "Cuba Passion",
    "type": "Sprit",
    "subtype": "Vodka",
    "volume": 700.0,
    "pricePerLitre": 99.98571,
    "alcohol": 30.0,
    "price": 69.99,
    "alcoholPerPrice": 0.30004287
  },
  {
    "key": "Cuba Raspberry700.030.0",
    "storesList": null,
    "name": "Cuba Raspberry",
    "type": "Sprit",
    "subtype": "Vodka",
    "volume": 700.0,
    "pricePerLitre": 99.98571,
    "alcohol": 30.0,
    "price": 69.99,
    "alcoholPerPrice": 0.30004287
  },
  {
    "key": "Jelzin Vodka1000.037.5",
    "storesList": null,
    "name": "Jelzin Vodka",
    "type": "Sprit",
    "subtype": "Vodka",
    "volume": 1000.0,
    "pricePerLitre": 89.99,
    "alcohol": 37.5,
    "price": 89.99,
    "alcoholPerPrice": 0.41671297
  },
  {
    "key": "Russian Standard Platinu1000.040.0",
    "storesList": null,
    "name": "Russian Standard Platinu",
    "type": "Sprit",
    "subtype": "Vodka",
    "volume": 1000.0,
    "pricePerLitre": 139.99,
    "alcohol": 40.0,
    "price": 139.99,
    "alcoholPerPrice": 0.28573468
  },
  {
    "key": "Absolut Vanili1000.040.0",
    "storesList": null,
    "name": "Absolut Vanili",
    "type": "Sprit",
    "subtype": "Vodka",
    "volume": 1000.0,
    "pricePerLitre": 111.68,
    "alcohol": 40.0,
    "price": 111.68,
    "alcoholPerPrice": 0.3581662
  },
  {
    "key": "Absolut Vodka Citro1000.040.0",
    "storesList": null,
    "name": "Absolut Vodka Citro",
    "type": "Sprit",
    "subtype": "Vodka",
    "volume": 1000.0,
    "pricePerLitre": 111.68,
    "alcohol": 40.0,
    "price": 111.68,
    "alcoholPerPrice": 0.3581662
  },
  {
    "key": "Stolichnaya Premium Vodk1000.040.0",
    "storesList": null,
    "name": "Stolichnaya Premium Vodk",
    "type": "Sprit",
    "subtype": "Vodka",
    "volume": 1000.0,
    "pricePerLitre": 119.99,
    "alcohol": 40.0,
    "price": 119.99,
    "alcoholPerPrice": 0.33336112
  },
  {
    "key": "Grey Goose700.040.0",
    "storesList": null,
    "name": "Grey Goose",
    "type": "Sprit",
    "subtype": "Vodka",
    "volume": 700.0,
    "pricePerLitre": 399.98572,
    "alcohol": 40.0,
    "price": 279.99,
    "alcoholPerPrice": 0.10000357
  },
  {
    "key": "Cuba Watermelon700.030.0",
    "storesList": null,
    "name": "Cuba Watermelon",
    "type": "Sprit",
    "subtype": "Vodka",
    "volume": 700.0,
    "pricePerLitre": 99.98571,
    "alcohol": 30.0,
    "price": 69.99,
    "alcoholPerPrice": 0.30004287
  },
  {
    "key": "Belvedere Vodka1750.040.0",
    "storesList": null,
    "name": "Belvedere Vodka",
    "type": "Sprit",
    "subtype": "Vodka",
    "volume": 1750.0,
    "pricePerLitre": 285.7086,
    "alcohol": 40.0,
    "price": 499.99,
    "alcoholPerPrice": 0.14000279
  },
  {
    "key": "Absolut Raspberr1000.040.0",
    "storesList": null,
    "name": "Absolut Raspberr",
    "type": "Sprit",
    "subtype": "Vodka",
    "volume": 1000.0,
    "pricePerLitre": 111.68,
    "alcohol": 40.0,
    "price": 111.68,
    "alcoholPerPrice": 0.3581662
  },
  {
    "key": "Russian Standard Origina1000.040.0",
    "storesList": null,
    "name": "Russian Standard Origina",
    "type": "Sprit",
    "subtype": "Vodka",
    "volume": 1000.0,
    "pricePerLitre": 129.99,
    "alcohol": 40.0,
    "price": 129.99,
    "alcoholPerPrice": 0.30771595
  },
  {
    "key": "Absolut Lim1000.040.0",
    "storesList": null,
    "name": "Absolut Lim",
    "type": "Sprit",
    "subtype": "Vodka",
    "volume": 1000.0,
    "pricePerLitre": 111.68,
    "alcohol": 40.0,
    "price": 111.68,
    "alcoholPerPrice": 0.3581662
  },
  {
    "key": "Bols Vodka1000.037.5",
    "storesList": null,
    "name": "Bols Vodka",
    "type": "Sprit",
    "subtype": "Vodka",
    "volume": 1000.0,
    "pricePerLitre": 99.99,
    "alcohol": 37.5,
    "price": 99.99,
    "alcoholPerPrice": 0.37503752
  },
  {
    "key": "Koskenkorva Pure Vodka700.037.5",
    "storesList": null,
    "name": "Koskenkorva Pure Vodka",
    "type": "Sprit",
    "subtype": "Vodka",
    "volume": 700.0,
    "pricePerLitre": 99.98571,
    "alcohol": 37.5,
    "price": 69.99,
    "alcoholPerPrice": 0.37505358
  },
  {
    "key": "Cuba Blueberry700.030.0",
    "storesList": null,
    "name": "Cuba Blueberry",
    "type": "Sprit",
    "subtype": "Vodka",
    "volume": 700.0,
    "pricePerLitre": 99.98571,
    "alcohol": 30.0,
    "price": 69.99,
    "alcoholPerPrice": 0.30004287
  },
  {
    "key": "Firestarter Vodka700.040.0",
    "storesList": null,
    "name": "Firestarter Vodka",
    "type": "Sprit",
    "subtype": "Vodka",
    "volume": 700.0,
    "pricePerLitre": 171.41429,
    "alcohol": 40.0,
    "price": 119.99,
    "alcoholPerPrice": 0.23335277
  },
  {
    "key": "Russian Standard Gol1000.040.0",
    "storesList": null,
    "name": "Russian Standard Gol",
    "type": "Sprit",
    "subtype": "Vodka",
    "volume": 1000.0,
    "pricePerLitre": 129.99,
    "alcohol": 40.0,
    "price": 129.99,
    "alcoholPerPrice": 0.30771595
  },
  {
    "key": "Minttu Choco Mint500.035.0",
    "storesList": null,
    "name": "Minttu Choco Mint",
    "type": "Sprit",
    "subtype": "Vodka",
    "volume": 500.0,
    "pricePerLitre": 133.96,
    "alcohol": 35.0,
    "price": 66.98,
    "alcoholPerPrice": 0.261272
  },
  {
    "key": "Absolut Mango Vodk1000.040.0",
    "storesList": null,
    "name": "Absolut Mango Vodk",
    "type": "Sprit",
    "subtype": "Vodka",
    "volume": 1000.0,
    "pricePerLitre": 111.68,
    "alcohol": 40.0,
    "price": 111.68,
    "alcoholPerPrice": 0.3581662
  },
  {
    "key": "Russian Standard Imperia700.040.0",
    "storesList": null,
    "name": "Russian Standard Imperia",
    "type": "Sprit",
    "subtype": "Vodka",
    "volume": 700.0,
    "pricePerLitre": 271.4143,
    "alcohol": 40.0,
    "price": 189.99,
    "alcoholPerPrice": 0.14737616
  },
  {
    "key": "Absolut Kuran1000.040.0",
    "storesList": null,
    "name": "Absolut Kuran",
    "type": "Sprit",
    "subtype": "Vodka",
    "volume": 1000.0,
    "pricePerLitre": 111.68,
    "alcohol": 40.0,
    "price": 111.68,
    "alcoholPerPrice": 0.3581662
  },
  {
    "key": "Cuba Cool Mint700.030.0",
    "storesList": null,
    "name": "Cuba Cool Mint",
    "type": "Sprit",
    "subtype": "Vodka",
    "volume": 700.0,
    "pricePerLitre": 99.98571,
    "alcohol": 30.0,
    "price": 69.99,
    "alcoholPerPrice": 0.30004287
  },
  {
    "key": "Finlandia Vodk1000.040.0",
    "storesList": null,
    "name": "Finlandia Vodk",
    "type": "Sprit",
    "subtype": "Vodka",
    "volume": 1000.0,
    "pricePerLitre": 119.13,
    "alcohol": 40.0,
    "price": 119.13,
    "alcoholPerPrice": 0.33576766
  },
  {
    "key": "Becherovka Vodk1000.038.0",
    "storesList": null,
    "name": "Becherovka Vodk",
    "type": "Sprit",
    "subtype": "Vodka",
    "volume": 1000.0,
    "pricePerLitre": 129.99,
    "alcohol": 38.0,
    "price": 129.99,
    "alcoholPerPrice": 0.29233018
  },
  {
    "key": "Absolut Pear1000.040.0",
    "storesList": null,
    "name": "Absolut Pear",
    "type": "Sprit",
    "subtype": "Vodka",
    "volume": 1000.0,
    "pricePerLitre": 111.68,
    "alcohol": 40.0,
    "price": 111.68,
    "alcoholPerPrice": 0.3581662
  },
  {
    "key": "No.1 Premium Vodka Goosberry1000.037.5",
    "storesList": null,
    "name": "No.1 Premium Vodka Goosberry",
    "type": "Sprit",
    "subtype": "Vodka",
    "volume": 1000.0,
    "pricePerLitre": 79.99,
    "alcohol": 37.5,
    "price": 79.99,
    "alcoholPerPrice": 0.46880862
  },
  {
    "key": "Jelzin Vodka Lemon1000.037.5",
    "storesList": null,
    "name": "Jelzin Vodka Lemon",
    "type": "Sprit",
    "subtype": "Vodka",
    "volume": 1000.0,
    "pricePerLitre": 89.99,
    "alcohol": 37.5,
    "price": 89.99,
    "alcoholPerPrice": 0.41671297
  },
  {
    "key": "Crystal Head700.040.0",
    "storesList": null,
    "name": "Crystal Head",
    "type": "Sprit",
    "subtype": "Vodka",
    "volume": 700.0,
    "pricePerLitre": 471.41428,
    "alcohol": 40.0,
    "price": 329.99,
    "alcoholPerPrice": 0.08485106
  },
  {
    "key": "Jelzin Vodka Vanilla1000.037.5",
    "storesList": null,
    "name": "Jelzin Vodka Vanilla",
    "type": "Sprit",
    "subtype": "Vodka",
    "volume": 1000.0,
    "pricePerLitre": 89.99,
    "alcohol": 37.5,
    "price": 89.99,
    "alcoholPerPrice": 0.41671297
  },
  {
    "key": "Absolut Gräp1000.040.0",
    "storesList": null,
    "name": "Absolut Gräp",
    "type": "Sprit",
    "subtype": "Vodka",
    "volume": 1000.0,
    "pricePerLitre": 111.68,
    "alcohol": 40.0,
    "price": 111.68,
    "alcoholPerPrice": 0.3581662
  },
  {
    "key": "Jelzin Vodka Strawberry1000.037.5",
    "storesList": null,
    "name": "Jelzin Vodka Strawberry",
    "type": "Sprit",
    "subtype": "Vodka",
    "volume": 1000.0,
    "pricePerLitre": 89.99,
    "alcohol": 37.5,
    "price": 89.99,
    "alcoholPerPrice": 0.41671297
  },
  {
    "key": "Smirnoff Blu1000.050.0",
    "storesList": null,
    "name": "Smirnoff Blu",
    "type": "Sprit",
    "subtype": "Vodka",
    "volume": 1000.0,
    "pricePerLitre": 149.99,
    "alcohol": 50.0,
    "price": 149.99,
    "alcoholPerPrice": 0.33335555
  },
  {
    "key": "Primakov Vodka1000.037.5",
    "storesList": null,
    "name": "Primakov Vodka",
    "type": "Sprit",
    "subtype": "Vodka",
    "volume": 1000.0,
    "pricePerLitre": 79.99,
    "alcohol": 37.5,
    "price": 79.99,
    "alcoholPerPrice": 0.46880862
  },
  {
    "key": "Wodka Gorbatschow700.037.5",
    "storesList": null,
    "name": "Wodka Gorbatschow",
    "type": "Sprit",
    "subtype": "Vodka",
    "volume": 700.0,
    "pricePerLitre": 99.98571,
    "alcohol": 37.5,
    "price": 69.99,
    "alcoholPerPrice": 0.37505358
  },
  {
    "key": "Koskenkorva Salmiakki500.032.0",
    "storesList": null,
    "name": "Koskenkorva Salmiakki",
    "type": "Sprit",
    "subtype": "Vodka",
    "volume": 500.0,
    "pricePerLitre": 129.98,
    "alcohol": 32.0,
    "price": 64.99,
    "alcoholPerPrice": 0.24619173
  },
  {
    "key": "Finlandia Blackcurrant1000.037.5",
    "storesList": null,
    "name": "Finlandia Blackcurrant",
    "type": "Sprit",
    "subtype": "Vodka",
    "volume": 1000.0,
    "pricePerLitre": 122.99,
    "alcohol": 37.5,
    "price": 122.99,
    "alcoholPerPrice": 0.30490285
  },
  {
    "key": "Finlandia Lime1000.037.5",
    "storesList": null,
    "name": "Finlandia Lime",
    "type": "Sprit",
    "subtype": "Vodka",
    "volume": 1000.0,
    "pricePerLitre": 122.99,
    "alcohol": 37.5,
    "price": 122.99,
    "alcoholPerPrice": 0.30490285
  },
  {
    "key": "Smirnoff Lime700.037.5",
    "storesList": null,
    "name": "Smirnoff Lime",
    "type": "Sprit",
    "subtype": "Vodka",
    "volume": 700.0,
    "pricePerLitre": 128.55714,
    "alcohol": 37.5,
    "price": 89.99,
    "alcoholPerPrice": 0.29169908
  },
  {
    "key": "Grants Finest Whisk1000.040.0",
    "storesList": null,
    "name": "Grants Finest Whisk",
    "type": "Sprit",
    "subtype": "Whisky",
    "volume": 1000.0,
    "pricePerLitre": 95.29,
    "alcohol": 40.0,
    "price": 95.29,
    "alcoholPerPrice": 0.41977122
  },
  {
    "key": "Tullamor1000.040.0",
    "storesList": null,
    "name": "Tullamor",
    "type": "Sprit",
    "subtype": "Whisky",
    "volume": 1000.0,
    "pricePerLitre": 119.13,
    "alcohol": 40.0,
    "price": 119.13,
    "alcoholPerPrice": 0.33576766
  },
  {
    "key": "Lauder's Whisk1000.040.0",
    "storesList": null,
    "name": "Lauder's Whisk",
    "type": "Sprit",
    "subtype": "Whisky",
    "volume": 1000.0,
    "pricePerLitre": 96.78,
    "alcohol": 40.0,
    "price": 96.78,
    "alcoholPerPrice": 0.41330853
  },
  {
    "key": "Glenfiddich 12Y1000.040.0",
    "storesList": null,
    "name": "Glenfiddich 12Y",
    "type": "Sprit",
    "subtype": "Whisky",
    "volume": 1000.0,
    "pricePerLitre": 260.68,
    "alcohol": 40.0,
    "price": 260.68,
    "alcoholPerPrice": 0.15344484
  },
  {
    "key": "Glen Grant Single Malt 10 Y1000.040.0",
    "storesList": null,
    "name": "Glen Grant Single Malt 10 Y",
    "type": "Sprit",
    "subtype": "Whisky",
    "volume": 1000.0,
    "pricePerLitre": 199.99,
    "alcohol": 40.0,
    "price": 199.99,
    "alcoholPerPrice": 0.20001
  },
  {
    "key": "Chivas Regal 12 Y1000.040.0",
    "storesList": null,
    "name": "Chivas Regal 12 Y",
    "type": "Sprit",
    "subtype": "Whisky",
    "volume": 1000.0,
    "pricePerLitre": 178.73,
    "alcohol": 40.0,
    "price": 178.73,
    "alcoholPerPrice": 0.22380127
  },
  {
    "key": "Famous Grouse Whisk1000.040.0",
    "storesList": null,
    "name": "Famous Grouse Whisk",
    "type": "Sprit",
    "subtype": "Whisky",
    "volume": 1000.0,
    "pricePerLitre": 119.99,
    "alcohol": 40.0,
    "price": 119.99,
    "alcoholPerPrice": 0.33336112
  },
  {
    "key": "Ballantines Fines1000.040.0",
    "storesList": null,
    "name": "Ballantines Fines",
    "type": "Sprit",
    "subtype": "Whisky",
    "volume": 1000.0,
    "pricePerLitre": 109.99,
    "alcohol": 40.0,
    "price": 109.99,
    "alcoholPerPrice": 0.36366943
  },
  {
    "key": "Jack Daniel'1000.040.0",
    "storesList": null,
    "name": "Jack Daniel'",
    "type": "Sprit",
    "subtype": "Whisky",
    "volume": 1000.0,
    "pricePerLitre": 186.18,
    "alcohol": 40.0,
    "price": 186.18,
    "alcoholPerPrice": 0.21484585
  },
  {
    "key": "Label 5 whisk1000.040.0",
    "storesList": null,
    "name": "Label 5 whisk",
    "type": "Sprit",
    "subtype": "Whisky",
    "volume": 1000.0,
    "pricePerLitre": 89.33,
    "alcohol": 40.0,
    "price": 89.33,
    "alcoholPerPrice": 0.4477779
  },
  {
    "key": "Jameson Irish Whiske1000.040.0",
    "storesList": null,
    "name": "Jameson Irish Whiske",
    "type": "Sprit",
    "subtype": "Whisky",
    "volume": 1000.0,
    "pricePerLitre": 134.03,
    "alcohol": 40.0,
    "price": 134.03,
    "alcoholPerPrice": 0.29844067
  },
  {
    "key": "Jim Beam bourbo1000.040.0",
    "storesList": null,
    "name": "Jim Beam bourbo",
    "type": "Sprit",
    "subtype": "Whisky",
    "volume": 1000.0,
    "pricePerLitre": 129.99,
    "alcohol": 40.0,
    "price": 129.99,
    "alcoholPerPrice": 0.30771595
  },
  {
    "key": "Jack Daniels Hone1000.035.0",
    "storesList": null,
    "name": "Jack Daniels Hone",
    "type": "Sprit",
    "subtype": "Whisky",
    "volume": 1000.0,
    "pricePerLitre": 186.18,
    "alcohol": 35.0,
    "price": 186.18,
    "alcoholPerPrice": 0.18799013
  },
  {
    "key": "Fireball Whisky700.033.0",
    "storesList": null,
    "name": "Fireball Whisky",
    "type": "Sprit",
    "subtype": "Whisky",
    "volume": 700.0,
    "pricePerLitre": 171.41429,
    "alcohol": 33.0,
    "price": 119.99,
    "alcoholPerPrice": 0.19251604
  },
  {
    "key": "Suntory Roku Gin700.043.0",
    "storesList": null,
    "name": "Suntory Roku Gin",
    "type": "Sprit",
    "subtype": "Whisky",
    "volume": 700.0,
    "pricePerLitre": 314.27145,
    "alcohol": 43.0,
    "price": 219.99,
    "alcoholPerPrice": 0.13682438
  },
  {
    "key": "Jack Daniels700.040.0",
    "storesList": null,
    "name": "Jack Daniels",
    "type": "Sprit",
    "subtype": "Whisky",
    "volume": 700.0,
    "pricePerLitre": 242.84286,
    "alcohol": 40.0,
    "price": 169.99,
    "alcoholPerPrice": 0.16471557
  },
  {
    "key": "Doughertys Scotch Whisky700.040.0",
    "storesList": null,
    "name": "Doughertys Scotch Whisky",
    "type": "Sprit",
    "subtype": "Whisky",
    "volume": 700.0,
    "pricePerLitre": 95.68572,
    "alcohol": 40.0,
    "price": 66.98,
    "alcoholPerPrice": 0.4180352
  },
  {
    "key": "Talisker Storm Skye Malt Whisky700.045.8",
    "storesList": null,
    "name": "Talisker Storm Skye Malt Whisky",
    "type": "Sprit",
    "subtype": "Whisky",
    "volume": 700.0,
    "pricePerLitre": 428.55713,
    "alcohol": 45.8,
    "price": 299.99,
    "alcoholPerPrice": 0.106870234
  },
  {
    "key": "Jack Daniels Single Barrel700.045.0",
    "storesList": null,
    "name": "Jack Daniels Single Barrel",
    "type": "Sprit",
    "subtype": "Whisky",
    "volume": 700.0,
    "pricePerLitre": 357.1286,
    "alcohol": 45.0,
    "price": 249.99,
    "alcoholPerPrice": 0.12600502
  },
  {
    "key": "Highland Park 12 YO700.040.0",
    "storesList": null,
    "name": "Highland Park 12 YO",
    "type": "Sprit",
    "subtype": "Whisky",
    "volume": 700.0,
    "pricePerLitre": 399.98572,
    "alcohol": 40.0,
    "price": 279.99,
    "alcoholPerPrice": 0.10000357
  },
  {
    "key": "Talisker Skye700.045.8",
    "storesList": null,
    "name": "Talisker Skye",
    "type": "Sprit",
    "subtype": "Whisky",
    "volume": 700.0,
    "pricePerLitre": 385.69998,
    "alcohol": 45.8,
    "price": 269.99,
    "alcoholPerPrice": 0.11874514
  },
  {
    "key": "Canadian Club Whisk1000.040.0",
    "storesList": null,
    "name": "Canadian Club Whisk",
    "type": "Sprit",
    "subtype": "Whisky",
    "volume": 1000.0,
    "pricePerLitre": 139.99,
    "alcohol": 40.0,
    "price": 139.99,
    "alcoholPerPrice": 0.28573468
  },
  {
    "key": "Johnnie Walker Black Label700.040.0",
    "storesList": null,
    "name": "Johnnie Walker Black Label",
    "type": "Sprit",
    "subtype": "Whisky",
    "volume": 700.0,
    "pricePerLitre": 271.4143,
    "alcohol": 40.0,
    "price": 189.99,
    "alcoholPerPrice": 0.14737616
  },
  {
    "key": "Dunstone Blended Whisk1000.040.0",
    "storesList": null,
    "name": "Dunstone Blended Whisk",
    "type": "Sprit",
    "subtype": "Whisky",
    "volume": 1000.0,
    "pricePerLitre": 79.99,
    "alcohol": 40.0,
    "price": 79.99,
    "alcoholPerPrice": 0.5000625
  },
  {
    "key": "Johnnie Walker Red Labe1000.040.0",
    "storesList": null,
    "name": "Johnnie Walker Red Labe",
    "type": "Sprit",
    "subtype": "Whisky",
    "volume": 1000.0,
    "pricePerLitre": 149.99,
    "alcohol": 40.0,
    "price": 149.99,
    "alcoholPerPrice": 0.26668444
  },
  {
    "key": "Dalwhinnie 15 YO700.043.0",
    "storesList": null,
    "name": "Dalwhinnie 15 YO",
    "type": "Sprit",
    "subtype": "Whisky",
    "volume": 700.0,
    "pricePerLitre": 428.55713,
    "alcohol": 43.0,
    "price": 299.99,
    "alcoholPerPrice": 0.10033668
  },
  {
    "key": "The Glenlivet Founder's Reserve700.040.0",
    "storesList": null,
    "name": "The Glenlivet Founder's Reserve",
    "type": "Sprit",
    "subtype": "Whisky",
    "volume": 700.0,
    "pricePerLitre": 212.75714,
    "alcohol": 40.0,
    "price": 148.93,
    "alcoholPerPrice": 0.18800779
  },
  {
    "key": "Islay Mis1000.040.0",
    "storesList": null,
    "name": "Islay Mis",
    "type": "Sprit",
    "subtype": "Whisky",
    "volume": 1000.0,
    "pricePerLitre": 129.99,
    "alcohol": 40.0,
    "price": 129.99,
    "alcoholPerPrice": 0.30771595
  },
  {
    "key": "Chivas Regal 18YO700.040.0",
    "storesList": null,
    "name": "Chivas Regal 18YO",
    "type": "Sprit",
    "subtype": "Whisky",
    "volume": 700.0,
    "pricePerLitre": 571.4143,
    "alcohol": 40.0,
    "price": 399.99,
    "alcoholPerPrice": 0.07000175
  },
  {
    "key": "Aberlour Casg Annamh700.048.0",
    "storesList": null,
    "name": "Aberlour Casg Annamh",
    "type": "Sprit",
    "subtype": "Whisky",
    "volume": 700.0,
    "pricePerLitre": 457.12857,
    "alcohol": 48.0,
    "price": 319.99,
    "alcoholPerPrice": 0.10500328
  },
  {
    "key": "Black Velvet Canadian Whisk1000.040.0",
    "storesList": null,
    "name": "Black Velvet Canadian Whisk",
    "type": "Sprit",
    "subtype": "Whisky",
    "volume": 1000.0,
    "pricePerLitre": 109.99,
    "alcohol": 40.0,
    "price": 109.99,
    "alcoholPerPrice": 0.36366943
  },
  {
    "key": "Tomatin 12y1000.043.0",
    "storesList": null,
    "name": "Tomatin 12y",
    "type": "Sprit",
    "subtype": "Whisky",
    "volume": 1000.0,
    "pricePerLitre": 299.99,
    "alcohol": 43.0,
    "price": 299.99,
    "alcoholPerPrice": 0.14333811
  },
  {
    "key": "Black Velvet Toasted Carame1000.035.0",
    "storesList": null,
    "name": "Black Velvet Toasted Carame",
    "type": "Sprit",
    "subtype": "Whisky",
    "volume": 1000.0,
    "pricePerLitre": 119.99,
    "alcohol": 35.0,
    "price": 119.99,
    "alcoholPerPrice": 0.29169098
  },
  {
    "key": "Aberlour 16YO Highland Malt Whisky700.040.0",
    "storesList": null,
    "name": "Aberlour 16YO Highland Malt Whisky",
    "type": "Sprit",
    "subtype": "Whisky",
    "volume": 700.0,
    "pricePerLitre": 499.98572,
    "alcohol": 40.0,
    "price": 349.99,
    "alcoholPerPrice": 0.080002286
  },
  {
    "key": "Aberlour A'Bunadh700.060.0",
    "storesList": null,
    "name": "Aberlour A'Bunadh",
    "type": "Sprit",
    "subtype": "Whisky",
    "volume": 700.0,
    "pricePerLitre": 485.7,
    "alcohol": 60.0,
    "price": 339.99,
    "alcoholPerPrice": 0.12353304
  },
  {
    "key": "Chivas Extr1000.040.0",
    "storesList": null,
    "name": "Chivas Extr",
    "type": "Sprit",
    "subtype": "Whisky",
    "volume": 1000.0,
    "pricePerLitre": 269.99,
    "alcohol": 40.0,
    "price": 269.99,
    "alcoholPerPrice": 0.14815365
  },
  {
    "key": "Lauder´s Queen Mar1000.040.0",
    "storesList": null,
    "name": "Lauder´s Queen Mar",
    "type": "Sprit",
    "subtype": "Whisky",
    "volume": 1000.0,
    "pricePerLitre": 129.99,
    "alcohol": 40.0,
    "price": 129.99,
    "alcoholPerPrice": 0.30771595
  },
  {
    "key": "Famous Smoky Blac1000.040.0",
    "storesList": null,
    "name": "Famous Smoky Blac",
    "type": "Sprit",
    "subtype": "Whisky",
    "volume": 1000.0,
    "pricePerLitre": 159.99,
    "alcohol": 40.0,
    "price": 159.99,
    "alcoholPerPrice": 0.25001562
  },
  {
    "key": "Jack Daniels250.037.5",
    "storesList": null,
    "name": "Jack Daniels",
    "type": "Sprit",
    "subtype": "Whisky",
    "volume": 250.0,
    "pricePerLitre": 599.96,
    "alcohol": 37.5,
    "price": 149.99,
    "alcoholPerPrice": 0.062504165
  },
  {
    "key": "Laphroaig 10 års700.040.0",
    "storesList": null,
    "name": "Laphroaig 10 års",
    "type": "Sprit",
    "subtype": "Whisky",
    "volume": 700.0,
    "pricePerLitre": 428.55713,
    "alcohol": 40.0,
    "price": 299.99,
    "alcoholPerPrice": 0.09333645
  },
  {
    "key": "Jack Daniels Gentleman Jac1000.040.0",
    "storesList": null,
    "name": "Jack Daniels Gentleman Jac",
    "type": "Sprit",
    "subtype": "Whisky",
    "volume": 1000.0,
    "pricePerLitre": 186.18,
    "alcohol": 40.0,
    "price": 186.18,
    "alcoholPerPrice": 0.21484585
  },
  {
    "key": "Balvenie 12YO700.040.0",
    "storesList": null,
    "name": "Balvenie 12YO",
    "type": "Sprit",
    "subtype": "Whisky",
    "volume": 700.0,
    "pricePerLitre": 499.98572,
    "alcohol": 40.0,
    "price": 349.99,
    "alcoholPerPrice": 0.080002286
  },
  {
    "key": "Jack Daniels Fir1000.035.0",
    "storesList": null,
    "name": "Jack Daniels Fir",
    "type": "Sprit",
    "subtype": "Whisky",
    "volume": 1000.0,
    "pricePerLitre": 209.99,
    "alcohol": 35.0,
    "price": 209.99,
    "alcoholPerPrice": 0.1666746
  },
  {
    "key": "Maker´s Mark Whisk1000.045.0",
    "storesList": null,
    "name": "Maker´s Mark Whisk",
    "type": "Sprit",
    "subtype": "Whisky",
    "volume": 1000.0,
    "pricePerLitre": 249.99,
    "alcohol": 45.0,
    "price": 249.99,
    "alcoholPerPrice": 0.18000719
  },
  {
    "key": "Bushmills Malt 10 YO700.040.0",
    "storesList": null,
    "name": "Bushmills Malt 10 YO",
    "type": "Sprit",
    "subtype": "Whisky",
    "volume": 700.0,
    "pricePerLitre": 285.7,
    "alcohol": 40.0,
    "price": 199.99,
    "alcoholPerPrice": 0.14000699
  },
  {
    "key": "Bowmore 12 YO700.040.0",
    "storesList": null,
    "name": "Bowmore 12 YO",
    "type": "Sprit",
    "subtype": "Whisky",
    "volume": 700.0,
    "pricePerLitre": 357.1286,
    "alcohol": 40.0,
    "price": 249.99,
    "alcoholPerPrice": 0.112004474
  },
  {
    "key": "Caol Ila 12YO700.043.0",
    "storesList": null,
    "name": "Caol Ila 12YO",
    "type": "Sprit",
    "subtype": "Whisky",
    "volume": 700.0,
    "pricePerLitre": 471.41428,
    "alcohol": 43.0,
    "price": 329.99,
    "alcoholPerPrice": 0.09121489
  },
  {
    "key": "Glenlivet 15YO700.040.0",
    "storesList": null,
    "name": "Glenlivet 15YO",
    "type": "Sprit",
    "subtype": "Whisky",
    "volume": 700.0,
    "pricePerLitre": 457.12857,
    "alcohol": 40.0,
    "price": 319.99,
    "alcoholPerPrice": 0.08750273
  },
  {
    "key": "Akashi Blended Japanese Blended WhiskyGiftbox500.040.0",
    "storesList": null,
    "name": "Akashi Blended Japanese Blended WhiskyGiftbox",
    "type": "Sprit",
    "subtype": "Whisky",
    "volume": 500.0,
    "pricePerLitre": 479.98,
    "alcohol": 40.0,
    "price": 239.99,
    "alcoholPerPrice": 0.0833368
  },
  {
    "key": "Jameson Crested700.040.0",
    "storesList": null,
    "name": "Jameson Crested",
    "type": "Sprit",
    "subtype": "Whisky",
    "volume": 700.0,
    "pricePerLitre": 228.55716,
    "alcohol": 40.0,
    "price": 159.99,
    "alcoholPerPrice": 0.17501092
  },
  {
    "key": "Bruichladdich Octomore 9.1 Scottish Barley700.059.5",
    "storesList": null,
    "name": "Bruichladdich Octomore 9.1 Scottish Barley",
    "type": "Sprit",
    "subtype": "Whisky",
    "volume": 700.0,
    "pricePerLitre": 1285.7001,
    "alcohol": 59.5,
    "price": 899.99,
    "alcoholPerPrice": 0.04627829
  },
  {
    "key": "Highland Park 18 YO700.043.0",
    "storesList": null,
    "name": "Highland Park 18 YO",
    "type": "Sprit",
    "subtype": "Whisky",
    "volume": 700.0,
    "pricePerLitre": 1285.7001,
    "alcohol": 43.0,
    "price": 899.99,
    "alcoholPerPrice": 0.033444814
  },
  {
    "key": "Teeling Small Batch Whisky700.046.0",
    "storesList": null,
    "name": "Teeling Small Batch Whisky",
    "type": "Sprit",
    "subtype": "Whisky",
    "volume": 700.0,
    "pricePerLitre": 314.27145,
    "alcohol": 46.0,
    "price": 219.99,
    "alcoholPerPrice": 0.14637028
  },
  {
    "key": "Johnnie Walker Double Black700.040.0",
    "storesList": null,
    "name": "Johnnie Walker Double Black",
    "type": "Sprit",
    "subtype": "Whisky",
    "volume": 700.0,
    "pricePerLitre": 314.27145,
    "alcohol": 40.0,
    "price": 219.99,
    "alcoholPerPrice": 0.1272785
  },
  {
    "key": "Amrut Single Malt700.046.0",
    "storesList": null,
    "name": "Amrut Single Malt",
    "type": "Sprit",
    "subtype": "Whisky",
    "volume": 700.0,
    "pricePerLitre": 414.27142,
    "alcohol": 46.0,
    "price": 289.99,
    "alcoholPerPrice": 0.11103831
  },
  {
    "key": "Ardbeg TE1000.046.0",
    "storesList": null,
    "name": "Ardbeg TE",
    "type": "Sprit",
    "subtype": "Whisky",
    "volume": 1000.0,
    "pricePerLitre": 399.99,
    "alcohol": 46.0,
    "price": 399.99,
    "alcoholPerPrice": 0.11500288
  },
  {
    "key": "Glenfiddich 15YO700.040.0",
    "storesList": null,
    "name": "Glenfiddich 15YO",
    "type": "Sprit",
    "subtype": "Whisky",
    "volume": 700.0,
    "pricePerLitre": 571.4143,
    "alcohol": 40.0,
    "price": 399.99,
    "alcoholPerPrice": 0.07000175
  },
  {
    "key": "Nikka from the Barrel500.051.4",
    "storesList": null,
    "name": "Nikka from the Barrel",
    "type": "Sprit",
    "subtype": "Whisky",
    "volume": 500.0,
    "pricePerLitre": 519.98,
    "alcohol": 51.4,
    "price": 259.99,
    "alcoholPerPrice": 0.09884996
  },
  {
    "key": "Highland Park 10yo700.040.0",
    "storesList": null,
    "name": "Highland Park 10yo",
    "type": "Sprit",
    "subtype": "Whisky",
    "volume": 700.0,
    "pricePerLitre": 371.41428,
    "alcohol": 40.0,
    "price": 259.99,
    "alcoholPerPrice": 0.10769645
  }
]